3646 5978
294 567 296 570 ⁴
836 452 1006 558 ,et-

251 631 337 688 'sem
362 611 664 709 archiepiscopum,
688 625 746 689 sed
761 635 794 690 ot
808 624 918 709 Papae
932 620 1095 688 lobannis
1108 619 1188 686 viii
1203 619 1496 709 (uitalis-et-quanti
1511 636 1574 688 tes·

250 731 340 810 tisi)
370 737 525 793 disertum
547 722 769 793 testimonium
790 725 1114 795 tnuuduae‘autebac
1139 735 1209 790 toto
1223 730 1386 789 terrarum
1400 735 1576 793 stemm-

262 840 336 909 9iae
354 833 529 907 elusisset!
1123 852 1127 857 ’
1194 883 1198 889 .
1292 886 1296 891 .
1450 859 1474 892 η

364 937 408 1002 At
439 936 535 1000 aliter
558 931 617 1001 res
639 930 757 1001 cecidit
780 935 903 1001 Romae
931 953 1025 1019 quam
1046 933 1319 1020 salisburgenses
1350 947 1573 1017 speraverant.

261 1039 339 1103 Non
365 1040 452 1104 enim
482 1040 587 1104 solum
605 1039 704 1104 fidem
733 1059 843 1117 suam,
869 1041 928 1104 sed
955 1037 1283 1122 etiam,q=10d.plas
1304 1050 1391 1114 enat,
1413 1037 1519 1123 ipsam
1540 1039 1574 1104 li·

261 1143 391 1228 turgiae
409 1141 553 1207 slavicae
576 1143 756 1207 novitatem·
776 1162 879 1227 papae
899 1142 1051 1228 probavit
1071 1141 1348 1227 Archiepiscopns
1367 1143 1574 1220 Mochadion,

261 1247 421 1332 rediitque
444 1247 476 1311 in
497 1247 760 1313 Pannoniensem
785 1246 890 1311 suam
903 1247 1094 1323 dioecesin,
1131 1267 1204 1312 eum
1226 1246 1419 1313 victricibus
1441 1248 1575 1313 maximi

262 1350 424 1436 pontilicis
446 1350 675 1427 decretalibus,
697 1371 790 1414 suam
811 1348 907 1414 fidem
923 1347 1159 1436 probantibus,
1189 1350 1402 1436 omnibusque
1426 1354 1574 1437 ejusdem

260 1455 482 1540 metropoleos
520 1453 747 1540 presbyteris,
785 1459 1006 1536 cujuscunque
1042 1464 1148 1531 scutis
1176 1466 1314 1530 essent,
1353 1456 1574 1525 obedientiam

261 1576 342 1646 erga
364 1545 459 1623 sunm
487 1559 768 1644 archiepiscopum
787 1557 1040 1645 imperantibus,
1069 1556 1178 1622 addito
1197 1559 1267 1641 jam
1288 1570 1366 1622 tunc
1389 1559 1574 1644 (SSOJi'sui-

260 1662 417 1748 fraganeo
434 1662 607 1744 Nitriensi,
625 1662 810 1744 Wicbingo
826 1668 1001 1737 Germano,
1016 1673 1049 1726 et
1064 1660 1163 1724 tertio
1182 1662 1347 1744 postulato
1360 1661 1573 1726 ad'ordinan·

260 1767 354 1842 dum,
376 1780 412 1831 ut
427 1767 472 1831 ita
487 1769 642 1852 deinceps
657 1766 846 1833 Methodius
869 1765 1074 1851 metropolita
1097 1786 1170 1829 cunr
1192 1765 1243 1829 bis
1265 1764 1391 1828 duobus
1414 1764 1572 1851 suffraga-

258 1869 332 1932 neis
348 1871 504 1935 canonice
526 1871 690 1956 reliquos,
714 1871 767 1956 qui
781 1870 814 1934 in
828 1883 893 1942 tam
916 1870 1023 1954 ampla
1043 1868 1141 1932 vinea
1158 1865 1292 1932 Domini
1310 1865 1428 1943 (bodie
1454 1867 1572 1954 viginti

256 1971 327 2038 iere
357 1974 600 2059 episcopatibus
626 1977 805 2062 gaudente)
837 1973 986 2059 proxime
1006 1970 1190 2036 necessarii
1215 1970 1421 2047 viderentur,
1443 1971 1575 2056 spissos

259 2098 321 2160 pos
338 2091 453 2162 posset
479 2098 687 2148 consecrare.
720 2085 867 2159 „biterras
888 2085 1025 2158 denique
1041 2084 1230 2139 sclavinieas
1252 2078 1301 2161 ¹⁵),
1323 2082 1571 2141 u-Constnniiuo
1669 2085 1673 2089 “

257 2191 418 2260 quondum
432 2189 618 2262 philosopho
632 2196 779 2262 repertas
787 2230 797 2266 ,
813 2189 1011 2262 quibusfleo
1029 2189 1143 2244 laudes
1157 2187 1282 2244 debitae
1298 2188 1471 2254 resonent,
1489 2181 1571 2259 jure

257 2290 443 2361 laudamus,
466 2295 545 2350 etin
563 2296 675 2349 eadem
689 2295 798 2364 bueus
824 2291 940 2349 Obrirti
962 2292 1080 2348 domini
1101 2292 1205 2348 nostri
1225 2291 1397 2363 praeconio
1419 2296 1456 2348 ei·
1472 2305 1572 2363 opera

255 2401 294 2450 ut
306 2403 516 2473 enarrentur,
531 2398 686 2471 jubemus
702 2437 709 2453 .
725 2437 733 2454 .
749 2437 757 2453 .
773 2398 838 2453 Nec
854 2411 955 2452 sanae
969 2393 1113 2466 fideioel
1128 2395 1292 2452 doctrinae
1307 2396 1429 2468 aliquid
1452 2397 1569 2464 obstet,

254 2500 323 2556 sios
339 2502 502 2558 misensis
520 2504 633 2559 eudem
651 2501 822 2558 sclavinias
842 2500 953 2570 linquo
973 2514 1109 2574 canere,
1131 2499 1199 2554 siae
1222 2512 1351 2555 sucrum
1371 2501 1570 2568 eoonqeliune

252 2606 470 2662 collectiones
485 2607 609 2662 divium
625 2607 699 2662 novi
708 2610 742 2661 et
751 2604 870 2660 veteris
886 2605 1071 2661 testamenti
1082 2602 1161 2659 bene
1177 2603 1352 2659 nunslotas
1364 2604 1569 2674 etinterpre-

253 2712 340 2764 tatus
358 2710 482 2779 tepere,
504 2716 562 2766 uut
572 2712 637 2766 uliu
651 2708 804 2764 berorum
816 2704 926 2778 officio
940 2700 1100 2780 psallere”
1114 2745 1122 2762 .
1138 2744 1146 2760 .
1165 2745 1172 2762 .
1189 2745 1197 2761 .
1213 2705 1370 2761 Jubernus
1384 2710 1509 2782 tamen,
1531 2712 1569 2764 ui

251 2810 286 2865 in
311 2812 456 2867 omuibus
486 2812 629 2869 ecclesiis
650 2816 757 2866 terrae
784 2814 930 2878 vestroe,
957 2815 1089 2883 propter
1115 2808 1271 2883 mojorem
1296 2806 1569 2878 honorificentiam

252 2915 455 2982 euangelium
467 2916 565 2972 iatine
581 2917 716 2990 tegetur,
740 2919 772 2971 et
781 2916 992 2988 postmodum,
1005 2915 1178 2973 solemnica
1189 2899 1301 2983 linquo
1313 2914 1516 2983 translatum,
1533 2914 1569 2970 in

253 3017 387 3074 auribus
398 3019 508 3089 popuii
523 3019 752 3082 annunciatum
768 3013 852 3075 sicui
861 3019 897 3074 iu
914 3018 1104 3092 quibusdum
1117 3019 1259 3075 ecclesiis
1271 3015 1345 3088 steri
1362 3017 1498 3074 uidetur.
1513 3019 1571 3075 Ei
1676 3050 1684 3064 ,

252 3123 282 3177 si
296 3122 352 3177 tibi
367 3126 401 3178 et
408 3120 574 3194 Judicibus
588 3123 651 3178 tetis
660 3123 776 3197 placet,
786 3123 904 3179 missas
922 3123 1023 3180 latim
1037 3113 1147 3192 itaque
1155 3126 1257 3193 magis
1269 3125 1393 3190 audire,
1413 3122 1568 3195 praecipi·

251 3237 324 3280 ntus
332 3263 344 3300 ,
367 3229 405 3279 ut
413 3224 512 3280 latine
527 3226 699 3280 missorum
711 3222 766 3280 tibi
779 3226 934 3282 solentuio
949 3221 1179 3283 celebrentur?
1260 3246 1268 3253 ·
1559 3225 1562 3231 '

255 3357 260 3363 ·
352 3321 407 3384 Ex
422 3341 483 3406 qna
498 3320 656 3385 decretali
669 3331 820 3404 apparet:
844 3321 878 3406 l)
894 3321 1079 3385 iohannem
1094 3320 1182 3385 Vlll.
1195 3319 1324 3386 naviter
1337 3333 1475 3386 tutatum
1489 3340 1565 3385 esso

250 3422 434 3487 restitruam
448 3444 543 3488 susm
551 3423 747 3507 metropolin
761 3443 825 3487 una
836 3442 909 3487 eum
924 3443 986 3487 suo
997 3424 1248 3508 metropolitano
1262 3425 1432 3491 Methodio
1449 3431 1565 3491 eontra

249 3525 522 3614 salisburgenses
542 3527 591 3614 (et
604 3528 878 3615 Laureacenses),
893 3540 927 3593 et
944 3533 983 3602 2)
999 3527 1174 3616 admisisse
1187 3529 1290 3614 ipsam
1305 3528 1565 3595 novationem-li·

250 3631 378 3716 turgiso
394 3632 557 3707 slavicae,
580 3652 620 3696 ea
639 3643 746 3695 tamen
760 3632 850 3718 lege,
872 3643 909 3696 ut
920 3631 1056 3721 majoris
1066 3632 1337 3700 honorificentiae
1353 3655 1453 3699 causa
1467 3655 1563 3699 evan·

247 3732 371 3820 gelium
388 3735 420 3799 in
434 3743 577 3799 omnibus
597 3734 748 3799 ecclesiis
764 3734 856 3819 prius
874 3735 1032 3801 recitetur
1046 3736 1145 3801 latine
1166 3751 1217 3814 „et
1227 3749 1429 3818 postmodum
1444 3746 1564 3803 soloci·

246 3845 321 3904 stes
332 3847 631 3920 depopulatoribus
641 3847 976 3923 uunumietimsieui
994 3849 1032 3907 iri
1049 3849 1239 3923 quibusdam
1255 3850 1400 3908 ecclesiis
1417 3847 1491 3920 steri
1510 3848 1562 3905 vi-

244 4034 451 4052 m

283 4136 311 4201 ⁴)
329 4138 427 4189 Potuit
444 4137 514 4211 sieri,
525 4144 564 4216 'ut
581 4144 610 4190 et
627 4138 661 4191 de
680 4107 795 4193 litteris,
808 4143 906 4202 curtili
923 4112 1136 4202 arascostavicis
1154 4147 1396 4209 conquererentur
1412 4143 1473 4221 sive
1490 4144 1565 4198 Gen.

257 4284 265 4307 ι
348 4226 423 4279 mani
440 4227 541 4278 latinas
559 4227 594 4279 ad
612 4242 696 4280 usum
714 4229 852 4280 siavicum
869 4234 1012 4298 uteunque
1030 4230 1241 4294 combinantes,
1264 4232 1325 4284 sive
1343 4232 1397 4298 ipsi
1415 4232 1493 4285 Slavi
1510 4249 1560 4300 pu·

258 4310 264 4319 ’
347 4308 395 4365 ris'
405 4318 571 4375 qlaaoiiticis
589 4316 706 4370 assueti.
723 4318 888 4370 Methodius
906 4334 986 4371 suam
996 4318 1229 4373 combinationem
1248 4320 1485 4387 graecosiavicam
1503 4304 1566 4373 fra-²

346 4400 384 4452 trl
403 4395 429 4452 in
447 4405 570 4469 acceptis
588 4391 701 4470 retulit,
721 4410 749 4458 et
766 4406 860 4472 Papae
878 4395 1017 4473 probavit.
1037 4407 1093 4461 Sed
1120 4407 1256 4460 babemus
1282 4417 1310 4462 et
1335 4409 1563 4477 giagolitioarum·

346 4490 573 4556 approbationem
590 4493 684 4559 Papae
703 4495 860 4547 innocentii
878 4497 918 4547 1v
935 4510 961 4547 a.
980 4499 1055 4548 tels.
1075 4497 1155 4562 Quod
1174 4498 1265 4551 credit
1283 4497 1448 4550 Dobrovius
1468 4498 1557 4562 Cyrti-

264 4568 267 4573 ’
346 4573 403 4629 lum
421 4579 513 4645 ipsum
530 4582 652 4633 vertisse
669 4582 825 4649 Evangelia
837 4590 871 4657 ‚et
889 4583 1069 4650 psalterium,
1087 4601 1143 4638 non
1162 4594 1242 4639 caret
1263 4586 1348 4650 iustis
1368 4585 1470 4637 dubiis.
1489 4586 1557 4650 Quis

260 4670 264 4677 '
297 4665 302 4670 *
346 4679 371 4718 e.
387 4681 429 4732 gr.
448 4667 559 4733 eredat,
580 4682 642 4720 eum
659 4670 798 4735 nescisse,
815 4656 879 4739 quid
898 4673 936 4725 sit
953 4687 997 4738 gr.
1014 4667 1084 4741 πρὸς
1098 4668 1148 4723 τὸν
1160 4671 1259 4723 deira?
1276 4674 1314 4725 nt
1331 4674 1489 4741 quicunque
1503 4674 1558 4725 boc

259 4765 265 4772 ·
346 4755 453 4820 primus
471 4758 556 4809 vertit
573 4758 608 4814 sl.
627 4750 670 4818 mi
682 4759 778 4833 guni,
796 4762 815 4812 i.
834 4776 859 4815 e.
876 4763 911 4814 ad
929 4763 1037 4825 Dinam,
1056 4763 1082 4813 is
1094 4770 1190 4830 aperte
1213 4758 1340 4815 nescivit.
1361 4760 1557 4829 Antiquissimi

346 4856 427 4908 codd.
446 4857 517 4910 satis
535 4859 659 4913 indicant
675 4863 863 4931 interpretes,
882 4864 995 4916 natione
1012 4866 1131 4931 slavos,
1143 4865 1206 4917 'sed
1232 4879 1249 4916 a
1274 4865 1401 4918 doctrina
1424 4863 1555 4916 rudiores

274 4940 279 4952 '
347 4951 461 5009 praesto
480 4947 567 4999 inisse
586 4951 732 5005 Methodio
751 4951 804 5004 bac
822 4952 851 5004 ln
868 4967 900 5005 re
917 4953 1072 5018 adiutores.
