3646 5978
828 420 999 529 aa*
1007 400 1011 407 ’

350 589 401 653 Ac
421 592 598 653 Dodrooiua
615 584 766 671 quidem
756 607 846 705 lpse,
868 588 944 653 dum
955 596 1082 682 ,integer
1100 589 1219 662 ataine
1234 590 1285 655 ira
1304 603 1339 657 et
1358 590 1467 664 studio
1490 612 1565 681 retra

253 691 492 767 examinasset,
515 689 625 756 Slavis
638 689 810 775 pannoniis
820 705 932 770 sponte
946 691 1060 759 detulit
1074 692 1204 782 linguae
1222 715 1336 762 sacrae
1350 695 1497 783 origines
1513 696 1560 782 (v.

252 796 475 861 nlovaakan
488 799 589 870 len,
611 795 644 869 1,
664 795 740 879 7²1),
763 815 825 858 nec
845 793 909 867 nisa
900 794 1077 882 fatigatus
1095 798 1284 868 dolosorum
1308 798 1493 866 homiuum
1490 818 1559 884 pro

249 899 341 966 illius
356 899 478 988 gloria,
500 912 536 964 ut
554 899 722 975 dicebam,
745 899 919 964 celantium
936 901 1362 974 obsessionibus-innescio
1381 925 1479 989 quam
1491 925 1566 978 orer,

249 1027 341 1071 mum
355 1005 487 1091 linguae
505 1005 650 1069 nondum
662 1003 858 1069 commixtae
877 1005 1344 1092 serbobulgaromacedonicae
1358 992 1567 1085 (nonime.
1649 1018 1653 1023 ’

251 1111 461 1194 stophanem]
476 1105 562 1191 sinuo
574 1107 717 1174 avolavit
731 1107 854 1186 indicta
870 1130 967 1176 cansa
976 1133 985 1183 a
1007 1113 1092 1196 qnod
1109 1111 1138 1176 si
1161 1111 1295 1180 fecisset
1307 1134 1366 1192 pro
1383 1111 1477 1184 nobis
1489 1160 1502 1188 ,,
1512 1112 1562 1194 illi

251 1235 318 1277 non
341 1213 568 1297 pepercissent
588 1211 727 1278 seniculi
749 1213 870 1298 famae3
898 1213 993 1279 nobis
1012 1213 1139 1280 interea
1160 1214 1269 1284 licebit
1286 1214 1496 1311 anonumum
1515 1215 1568 1289 vi:

250 1329 384 1405 gentem
396 1329 430 1382 ,ιιι
439 1315 576 1402 liberum
591 1329 624 1381 et
637 1316 802 1404 integrum
816 1338 892 1384 anm
883 1318 981 1387 1814
991 1339 1156 1405 opponere
1164 1319 1452 1392 Dobrovtosena
1417 1336 1561 1394 cormuni-
1562 1350 1567 1395 ;

250 1431 351 1486 vento
370 1433 425 1510 aut
439 1419 536 1505 ιῖρωιι
550 1421 627 1486 anni
643 1427 732 1490 1823
755 1422 840 1501 Quin
857 1423 973 1509 quod
963 1443 1034 1509 ipse
1055 1431 1196 1491 Jacodua
1218 1428 1360 1508 minam,
1391 1423 1455 1488 etei
1469 1444 1566 1498 eom*

250 1537 362 1594 motus
371 1524 589 1612 aenigmatico
598 1523 759 1592 Dobrovn
772 1537 1003 1614 strategemate
1013 1525 1452 1611 etipseluernlubelactatns
1456 1529 1566 1612 quoad
1644 1546 1649 1553 ’

243 1617 533 1713 pannonietatem‚
554 1642 661 1695 tamen
678 1651 799 1695 novum
815 1633 984 1716 majusque
999 1630 1125 1699 lacinus
1140 1631 1301 1700 admisit
1291 1652 1324 1695 m
1345 1630 1565 1716 cyrillianos,

248 1733 359 1818 palma
373 1735 471 1822 longe
487 1732 675 1801 remotioris
689 1733 889 1818 antiquitatis
909 1735 1028 1800 litteris
1039 1733 1241 1823 glagoliticis
1263 1735 1349 1799 ultro
1373 1734 1496 1799 delatal
1514 1737 1562 1807 At

249 1839 335 1922 quod
350 1837 466 1902 attinet
490 1845 729 1914 Voatoleovium,
747 1837 866 1924 injuria
888 1837 979 1919 illum
1001 1860 1061 1923 pro
1082 1845 1144 1902 sno
1169 1825 1579 1914 numerantyadversariia.

248 1962 324 2007 nam
338 1941 369 2007 is
382 1941 521 2009 nonnis}
530 1942 805 2028 Kalajdovitscbii
819 1951 960 2017 Maenala
971 1942 1119 2028 praefert
1129 1941 1312 2028 Bulgaros,
1327 1943 1371 2013 de
1383 1941 1568 2017 Pannoniis

248 2033 410 2122 nondum,
434 2047 518 2130 quod
541 2046 702 2123 sciamus,
725 2046 961 2140 pronunciavit.
985 2049 1056 2112 lmo
1080 2045 1110 2110 si
1130 2045 1216 2110 illiue
1240 2046 1468 2110 recensionem
1494 2055 1561 2110 Su·

246 2158 437 2228 prosternata
455 2149 578 2222 codicis
594 2172 660 2214 sec.
682 2152 742 2215 Xl.
765 2151 895 2227 audias,
917 2172 982 2214 non
999 2171 1071 2214 enm
1088 2148 1186 2234 longe
1204 2148 1322 2212 abesse
1338 2148 1560 2214 dicesaPan·

248 2251 365 2324 nonia;
387 2273 462 2315 nam
476 2260 689 2320 occidentales
699 2253 807 2330 slavi,
828 2275 889 2340 pro
906 2233 1031 2344 quibus
1035 2265 1126 2336 putat
1141 2252 1287 2316 codicem
1303 2264 1473 2316 exaratum
1487 2273 1560 2316 cum

249 2355 467 2421 declinatione
483 2380 591 2419 ιιοιιιι
604 2378 664 2441 pro
682 2369 789 2420 nonno
812 2380 877 2423 non
896 2357 951 2422 alii
970 2370 1047 2426 sunt
1064 2377 1158 2441 quam
1182 2355 1359 2423 carantani
1388 2355 1560 2440 pannonii.

248 2479 328 2534 nec,
351 2473 447 2545 puto,
478 2461 609 2548 negabit
632 2459 729 2527 etiam
750 2463 864 2527 seculo
885 2462 954 2538 lx,
976 2463 1022 2526 ad
1044 2483 1139 2524 usum
1154 2471 1404 2524 ducentenorum
1426 2458 1560 2524 clerico·

248 2583 341 2646 rum,
364 2563 415 2650 qui
430 2576 514 2629 teste
527 2565 706 2653 biographo
720 2567 755 2633 S.
779 2565 958 2633 Clementis
971 2564 1169 2640 Velicensis,
1183 2554 1217 2628 Sss
1237 2550 1405 2629 Methodio
1428 2585 1487 2651 per
1506 2563 1559 2627 tri·

248 2665 341 2753 ginta
359 2689 464 2733 annos
480 2668 624 2734 ministri
639 2672 672 2735 e't
687 2673 854 2756 adjutores
872 2670 1006 2737 adfuere
1015 2668 1051 2733 in
1068 2670 1256 2745 Pannonia,
1279 2668 1382 2733 luisse
1406 2654 1569 2742 amiratus⁴

248 2772 438 2856 complures
452 2772 609 2837 librorum
625 2795 806 2851 sacrorum,
830 2796 989 2861 ponamus
1011 2773 1051 2837 ad
1068 2775 1236 2839 minimum
1258 2763 1387 2860 viginti,
1410 2773 1560 2847 codices,

248 2863 387 2962 quorum
399 2897 498 2939 unum
510 2871 691 2941 alterumve
706 2898 884 2963 superesse
897 2879 1002 2943 adbuc
1014 2879 1244 2944 inveniendum
1255 2899 1320 2942 non
1335 2879 1560 2968 desperamus,

248 2992 479 3067 argumentum
497 2980 736 3064 pannonietatis
752 2994 886 3048 nostrae
901 2993 1119 3049 cetrinaecum
1146 2983 1287 3049 futurum
1309 3002 1369 3045 suo
1397 2994 1560 3066 tempore,

248 3081 457 3169 contentique
481 3107 596 3149 sumus
611 3085 737 3156 interea
759 3099 791 3150 et
814 3088 924 3152 securi
943 3096 1146 3163 intrinsecis,
1169 3086 1276 3171 qualia
1293 3085 1441 3171 [omissis
1455 3084 1561 3150 brevi·

246 3187 327 3253 tatis
346 3208 446 3252 causa
462 3187 534 3252 aliis
548 3189 717 3274 plurimis,
739 3192 834 3263 nobis
853 3193 981 3278 quidem
994 3213 1096 3278 aeque
1113 3190 1229 3266 certis,
1253 3204 1285 3255 at
1296 3190 1561 3255 adversariorum

249 3286 511 3359 cavillationibus
525 3293 717 3379 impetitis),
739 3303 857 3358 invicta
873 3296 1030 3359 habemus
1057 3305 1157 3378 ultor,
1178 3302 1315 3376 pnpeab,
1344 3302 1450 3371 ninid,
1472 3303 1561 3359 clare·

247 3406 332 3482 aliti,
365 3409 398 3462 et
425 3404 596 3481 leomlcanje
618 3392 749 3484 linguae
775 3393 891 3465 sacrae
912 3399 1088 3474 vocabula,
1117 3420 1234 3477 praeco
1256 3383 1445 3481 catecbctae
1465 3399 1561 3482 plane

247 3502 480 3588 impossibilia,
501 3512 684 3591 germanico
701 3509 816 3570 contra
831 3505 1015 3572 monacho
1005 3518 1116 3571 innata
1129 3517 1162 3583 et
1179 3501 1359 3604 domestica
1375 3515 1408 3567 et
1422 3501 1481 3565 vix
1495 3523 1560 3577 non

251 3606 456 3673 necessaria.
479 3610 591 3693 ilites,
613 3609 734 3694 ilapll,
741 3609 886 3699 ιιιιιιιι,
904 3611 1045 3696 dariam,
1063 3617 1306 3681 conamunlcnre,
1334 3605 1569 3691 lmo1pscan¹

251 3709 456 3803 liquiscimus
477 3712 672 3776 Russorum
686 3713 963 3800 Novogrodensis
991 3714 1098 3779 codex
1125 3711 1449 3779 ΟιιιοιιιίιὶιιιιιιιΑ
1480 3705 1563 3779 10'57

252 3814 415 3896 (utinam
401 3835 471 3900 Jam
482 3826 572 3879 totus
587 3826 715 3880 extaret
730 3816 850 3900 publici
863 3817 966 3903 juris)
984 3815 1016 3880 in
1033 3796 1228 3885 calendario
1248 3838 1308 3881 suo
1325 3827 1438 3902 aperta
1459 3804 1569 3880 certa-³

249 3939 314 4005 que
333 3917 442 4004 prodit
457 3917 602 4006 vestigia
615 3919 789 4004 pannonici
805 3923 890 4009 unde
902 3920 1087 4005 descriptus
1102 3910 1163 3986 fuit
1176 3920 1247 3985 sive
1262 3922 1392 4003 ἐμμέσως
1401 3919 1473 3984 sive
1490 3917 1561 4002 ἀμέ-

250 4026 312 4095 o'cor
323 4021 543 4109 archegraphi
557 4022 590 4088 iu
605 4023 657 4088 die
671 4023 757 4087 sesto
776 4025 811 4089 S.
829 4023 986 4089 silvestri
1001 4045 1046 4088 ex
1059 4046 1121 4088 usu
1137 4023 1303 4089 Romanae
1328 4023 1508 4100 ecclesiae,
1520 4010 1562 4087 et

245 4125 405 4191 versione
419 4149 613 4207 uaneroyms
628 4151 693 4189 axe
709 4129 795 4194 lacta
810 4129 936 4215 elatini
949 4141 1060 4215 textus
1080 4135 1316 4209 1Οιιριιιιιινιιιιι
1339 4126 1505 4217 genitivo,
1527 4125 1569 4192 id

247 4225 335 4316 quod
343 4232 412 4316 jam
427 4228 683 4296 monstravimus
700 4231 733 4321 in
753 4224 1107 4319 Glagoliia.Cloziano,
1129 4231 1278 4317 quodque
1295 4244 1347 4297 sat
1367 4232 1560 4317 perplexum

246 4335 347 4399 habet
360 4333 585 4404 doctissimum
608 4334 846 4400 Scbaffarikum
863 4335 984 4421 (Antiq.
1004 4336 1089 4401 Slav.
1103 4357 1132 4420 p·
1154 4341 1250 4413 822),
1264 4325 1477 4422 nequidquam
1486 4355 1559 4417 pro·

245 4451 423 4509 vocantem
438 4441 478 4504 ad
494 4434 609 4522 μικρὸν
630 4437 752 4522 χρόνοι,
781 4461 850 4527 quo.
867 4439 993 4525 quidem
1011 4429 1116 4524 potuit
1135 4439 1345 4524 probabiliter
1364 4436 1561 4521 ¹interpolari

248 4542 426 4610 festumS.
445 4542 578 4628 cyrilli,
600 4555 633 4607 at
651 4564 716 4608 non
731 4564 832 4632 aeque
847 4543 1001 4609 invebiin
1017 4543 1261 4611 mediaRussia
1275 4543 1441 4645 Romanae
1456 4540 1560 4607 eccle·

248 4648 324 4714 siaa
339 4647 460 4712 diesS.
479 4645 633 4715 Silvestri
648 4647 765 4712 festus
768 4649 851 4712 alius
871 4668 965 4734 quam
987 4638 1158 4773 ecclesiae
1169 4641 1326 4734 graecae,
1353 4665 1416 4739 nec
1439 4644 1560 4709 latinis·

246 4773 325 4820 mus
337 4771 531 4832 nurneroyma
545 4775 620 4815 axa.

353 4855 506 4933 Omnium
520 4857 650 4923 tandem
667 4846 933 4944 ridiculissimum
954 4857 1050 4924 simul
1069 4870 1118 4930 ιι,
1123 4857 1171 4937 im
1158 4854 1361 4944 iquissimum
1382 4866 1450 4932 est,
1473 4855 1558 4939 quod
