3646 5978
517 766 832 921 nornnmn
860 829 1295 926 msommunn
1397 949 1399 953 χ

323 989 618 1056 PHlLOLOGlCl
640 990 824 1056 ΜΑΧῙΜΕ
845 989 909 1055 ΕΤ
930 990 1183 1073 SLAVISTlCl
1205 991 1489 1060 ARGUMENTL
1512 1072 1515 1079 ι
1569 982 1577 1107 ’γ

897 1168 927 1231 1.

261 1287 333 1375 De
369 1281 618 1407 fragmento
648 1283 1219 1406 cyrillianoRaygradensi
1250 1272 1302 1373 in*
1325 1231 1540 1377 Moralia.

285 1504 287 1509 ·
352 1483 415 1548 Est
441 1482 475 1549 in
505 1467 704 1550 monasterio
726 1486 762 1549 S.
784 1483 958 1552 Benedicti
978 1483 1207 1572 Raygradensi
1228 1483 1260 1549 in
1283 1485 1436 1562 Moravia
1456 1507 1559 1572 prope

252 1588 399 1653 Brnnam
418 1592 523 1655 codex
542 1589 810 1654 membranaceus
841 1589 945 1654 seculi
963 1589 1032 1667 IX,
1053 1589 1180 1655 Adonis
1201 1603 1256 1654 aut
1270 1591 1415 1657 Usuardi
1431 1605 1560 1677 marty·

252 1693 416 1781 rologium
445 1694 647 1780 complexus.
675 1693 758 1778 Ejus
782 1693 906 1758 codicis
929 1692 998 1758 folii
1016 1699 1058 1762 70
1074 1694 1157 1758 recti
1170 1692 1325 1759 inferiori
1341 1696 1482 1784 margini
1498 1718 1558 1761 ru-

252 1797 388 1862 dissima
403 1793 527 1863 librarii
544 1797 706 1884 cyrilliani
723 1817 837 1860 rnarrus
854 1796 965 1883 (quam
981 1796 1017 1861 P.
1031 1797 1061 1862 J.
1077 1797 1206 1884 quidem
1222 1796 1415 1884 Szaffarzyk
1437 1821 1467 1885 p.
1497 1802 1561 1868 ode

251 1901 426 1966 novissimi
451 1903 502 1966 sui
528 1905 567 1967 de
583 1901 1018 1987 Slavorum'antiquitatibus
1037 1901 1158 1986 operis,
1177 1922 1350 1987 supparem
1367 1903 1475 1988 saltim
1491 1923 1559 1967 cre·

252 2006 301 2070 dit
315 2006 349 2068 S.
369 2006 510 2092 Cyrillo,
533 2005 598 2069 nisi
613 2006 666 2070 vel
682 2005 787 2091 ipsius
800 2004 927 2090 cyr-itti
954 2005 1068 2083 interit,
1091 2027 1152 2071 nos
1175 2026 1256 2070 vero
1278 2005 1376 2093 longe
1397 2007 1558 2072 recentio-

250 2129 322 2173 rem
332 2110 537 2194 judicamus)
553 2109 675 2174 adlevit
692 2129 755 2172 sex
768 2121 823 2172 aut
838 2121 912 2173 octo
933 2109 1091 2174 linearum
1106 2109 1234 2174 initium
1249 2111 1403 2176 homiliae
1419 2111 1558 2177 tributae

250 2214 288 2278 S.
311 2213 568 2299 Chrysostom03
604 2234 699 2300 quam
723 2214 831 2277 tamen
853 2214 1153 2291 Montelalconium,
1177 2237 1250 2280 cum
1272 2215 1407 2280 haberet
1427 2235 1558 2304 graece,

250 2317 374 2382 taeduit
390 2317 507 2400 edere,
530 2328 643 2402 utpote
667 2315 765 2380 nimis
789 2329 902 2402 aperte
924 2312 1086 2403 spuriam:
1107 2338 1169 2381 nos
1197 2331 1304 2383 autem
1326 2318 1359 2382 in
1384 2319 1559 2385 Slavorum

248 2421 392 2508 gratiam
420 2442 506 2486 nunc
530 2422 675 2505 edimus,
710 2422 981 2487 communicatam
1008 2421 1178 2485 nobiscm
1200 2421 1240 2486 ab
1267 2422 1402 2487 Inlustri
1431 2421 1560 2488 Comite

250 2526 289 2593 C.
301 2525 339 2590 0.
352 2525 586 2594 castillionaeo
604 2526 796 2612 omnigenae
809 2527 1011 2592 litteraturae
1030 2537 1063 2589 et
1079 2525 1288 2590 humanitatis
1302 2527 1397 2591 laude
1418 2526 1560 2591 celebra·
1673 2527 1679 2554 ³

249 2629 391 2696 tissimo.
421 2631 558 2695 Fidimus
586 2644 695 2696 autem
713 2652 778 2695 non
794 2631 899 2700 solum
914 2652 975 2716 pro
988 2629 1049 2705 iis,
1072 2630 1127 2715 qui
1144 2629 1228 2695 forte
1243 2629 1490 2717 Raygradensis
1507 2651 1560 2694 co·

249 2735 335 2799 dicis
356 2733 415 2808 vix
436 2731 522 2800 ultra
542 2748 610 2800 tres
629 2748 823 2821 quattuorve
846 2734 1098 2821 lineas'legihile
1119 2733 1335 2820 fragmentum
1353 2733 1484 2818 cupiant
1506 2753 1561 2798 ex·

249 2838 392 2914 tricare,
415 2839 525 2903 sedin
549 2859 720 2904 commune
747 2861 809 2924 pro
826 2837 976 2918 omnihus
994 2836 1202 2902 slavicorum
1224 2827 1375 2925 'codicum
1400 2849 1559 2902 scrutato·

249 2939 363 3017 ribus,
385 2940 430 3004 nil
444 2942 643 3019 dubitantes,
666 2929 803 3007 eandem
817 2939 983 3006 homiliam
998 2961 1071 3004 cum
1089 2952 1136 3004 tot
1151 2940 1224 3004 aliis
1239 2961 1341 3027 aeque
1358 2930 1482 3025 spuriis
1496 2942 1559 3005 sla·

248 3045 323 3110 vice
343 3057 456 3110 extare
470 3067 601 3112 versam
618 3047 651 3112 in
664 3045 737 3110 aliis
756 3044 939 3121 codicibus,
963 3043 1083 3109 exhinc
1102 3044 1198 3109 facile
1213 3047 1465 3130 comparandam
1485 3066 1560 3115 eum

249 3151 427 3235 archetypo
441 3163 556 3241 nostro
571 3165 712 3238 graeco,
735 3152 820 3238 quod
839 3171 917 3216 ecee
934 3151 1059 3238 legesis
1070 3154 1140 3236 jam
1153 3151 1236 3237 ipse.

255 3338 336 3411 Τοῦ
349 3340 387 3408 ἐν
400 3330 514 3428 ἁγίοις
530 3331 669 3431 πατρὸς
683 3336 786 3436 ήμῶν
797 3333 860 3408 ’Io
871 3339 943 3409 τοῦ
951 3332 1185 3439 γρυοοςόμου
1202 3337 1252 3439 εἰς
1267 3331 1337 3435 τήν
1352 3333 1472 3436 αὐτήν
1482 3339 1559 3437 ἑορ-

248 3434 413 3552 σήν(τῆς
420 3447 618 3551 γεννήσεως
633 3453 702 3551 τῆς
713 3448 910 3553 όπεραγόας
924 3449 1106 3526 euoenon
1121 3449 1181 3526 καὶ
1195 3449 1250 3525 ἀεὶ
1264 3452 1457 3552 παρθένου
1471 3456 1559 3529 Μα-

790 3563 884 3668 ρίας)
910 3565 1025 3662 λόγος.

350 3723 474 3809 mamad
495 3725 620 3809 σήμερον
640 3725 821 3810 ήμῖνῆμόρα
834 3728 885 3789 καὶ
901 3723 1044 3809 δαυμαςή
1059 3729 1088 3789 όν
1107 3723 1279 3808 ὀφθαλμοῖς
1291 3725 1388 3808 ήμοόυ·
1402 3725 1558 3811 σήμερονῆ

246 3829 342 3916 ’μήτηρ
356 3838 408 3913 πῆς
422 3827 500 3912 ζωῆς
513 3829 594 3912 ῆμιόν
609 3834 640 3892 ἐκ
657 3829 769 3913 μήτρας
784 3829 891 3914 ἀγόνου
914 3833 1067 3914 προῆλθεν
1084 3828 1104 3914 ῆ
1123 3823 1216 3902 όνιως
1233 3826 1295 3912 ζωή
1314 3833 1365 3893 καὶ
1389 3840 1443 3895 τοῦ
1460 3830 1560 3925 φωτός
1658 3876 1659 3881 1

247 3934 358 4018 μήεῆρι
381 3927 434 3997 εόα
452 3936 504 4016 μὲν
523 3931 635 4016 ἐκλήθη
649 3930 727 4016 ζωή,
741 3931 820 3997 ἀλλὰ
839 3933 982 4017 πρόξενος
1004 3932 1140 4007 δανόιου
1164 3934 1326 4016 γόγονενξῆ
1339 3936 1490 4018 παρθένος
1506 3937 1558 4011 καὶ

246 4039 341 4122 μήτηρ
357 4046 411 4102 cod
423 4036 537 4119 φωτός,
559 4036 668 4121 ῆπόλη
682 4044 741 4102 ναόν
753 4036 886 4120 οόρανοόν
895 4084 905 4114 ,
927 4037 1054 4121 σήμερον
1067 4036 1134 4120 ήμῖν
1149 4039 1269 4120 ἐτέχθη,
1290 4036 1309 4120 ή
1326 4035 1378 4120 τήν
1397 4030 1458 4100 όνω
1484 4040 1556 4121 γρα-
1634 4083 1643 4093 „

248 4145 324 4223 φίδα
343 4149 394 4225 πῆς
409 4141 487 4225 ζωῆς
506 4144 656 4224 φέρουσα·
680 4141 718 4204 δι’
735 4135 769 4224 ής
781 4137 918 4223 tedonzi
929 4138 1101 4223 μεσότοιχον
1116 4146 1170 4203 cod
1185 4147 1341 4224 φραγμοῦ·
1362 4140 1451 4223 ήιοόν
1461 4144 1556 4205 πολυ-

248 4235 389 4328 ομμόιων
403 4247 454 4308 καὶ
473 4251 530 4307 τῶν
552 4244 753 4329 ἑξαπνερόγων
778 4246 971 4327 φωσωνοπέρα
992 4241 1218 4326 ἆναδειχθεῖσα·
1241 4243 1258 4306 ό
1279 4229 1415 4327 δεόνερος
1438 4249 1485 4307 ἐπὶ
1505 4252 1557 4328 γῆς

247 4343 389 4432 οὐρανός·
410 4349 428 4432 ή
443 4351 577 4432 με’σίιρια
591 4357 642 4432 πῆς
653 4338 841 4432 καταλλαγῆς
856 4355 933 4411 θεοῦ
945 4350 995 4412 καλ
1011 4346 1193 4430 ἀνθρώπων·
1214 4346 1332 4430 ἡπόλις
1345 4355 1399 4412 τοῦ
1409 4351 1556 4430 βασιλέως

247 4458 303 4515 τοῦ
322 4450 464 4535 μεγάλου·
491 4451 606 4535 ῆπόλη
635 4460 688 4514 τοῦ
707 4455 890 4535 παραδείσου
914 4455 963 4514 καὶ
984 4452 1002 4535 ῆ
1025 4451 1099 4535 ςήλη
1119 4459 1172 4516 τοῦ
1192 4450 1306 4535 Ἰακώβ.
1332 4451 1468 4536 Σήμερον
1487 4452 1555 4536 ῆμῑν

247 4558 354 4638 ἐπέχθη
368 4553 448 4638 ῆτδν
462 4554 579 4620 αιἰόνιον
594 4559 643 4619 καὶ
665 4555 820 4619 ἀθάνατον
839 4558 965 4640 βασιλέα
988 4554 1162 4639 γαμήσασα·
1183 4552 1219 4640 ῆν
1241 4563 1439 4640 μακαριοῦμεν
1459 4564 1554 4620 πᾶσαι
1668 4611 1670 4616 ,

247 4666 280 4724 αὶ
298 4663 404 4744 γενεαὶ·
421 4660 437 4722 ό
460 4658 645 4734 ἀκαιάλυτος
663 4658 733 4734 ναός
750 4669 803 4724 τοῦ
818 4667 894 4723 θεοῦ
903 4709 912 4736 ,
934 4661 952 4744 ή
974 4660 1091 4733 αἰώνιος
1110 4658 1206 4743 τρυφή
1230 4667 1284 4722 σοι’
1295 4662 1495 4742 παραδείσου·
1518 4658 1553 4723 τό

247 4762 337 4839 ξόλον
355 4771 406 4845 τῆς
420 4763 499 4848 ζωῆς
511 4762 544 4827 τό
561 4768 775 4846 πεφυτευμένον
788 4760 870 4845 παρὰ
887 4761 941 4836 σὰς
959 4763 1112 4839 διεξόδους
1123 4770 1181 4826 τῶν
1197 4762 1328 4826 ὑδάτων·
1349 4764 1368 4846 ή
1394 4763 1469 4848 πηγή
1497 4770 1552 4828 coti

245 4866 411 4948 πνε-όματος
419 4873 470 4951 τῆς
477 4866 496 4941 ζ
497 4875 568 4951 ωῆς
579 4869 596 4952 ή
605 4871 727 4951 δευτέρα
736 4865 886 4952 ποόνόμου
895 4855 1029 4951 κιβωτός,
1038 4860 1110 4952 ἑξῆς
1118 4865 1275 4952 ἐβλάςῆσεν
1284 4861 1436 4952 ἅμπελοςῆ
1445 4867 1548 4950 dindo-
