3646 5978
881 457 924 525 1¹4
973 475 984 497 ο

256 631 385 708 codice,
412 630 534 716 vixque
561 627 746 715 indigemus
765 627 852 693 illins
880 639 1031 712 computo
1056 626 1120 693 diei
1138 638 1172 692 et
1198 626 1306 693 noctis
1326 647 1388 713 per
1411 626 1566 716 singulos

255 757 387 800 menses
404 733 626 822 longitudinis,
643 746 676 798 ut
690 733 836 798 codicem
849 731 882 795 in
894 730 1087 797 Macedonia
1098 730 1258 816 scriptum
1275 728 1466 808 credamus,
1489 752 1564 796 cum

255 841 339 905 idern
356 839 463 925 ipsum
480 838 705 926 glagoliticum
720 837 931 922 synaxarium
960 837 1086 901 abunde
1110 849 1259 903 testetur.
1288 840 1356 903 Sed
1379 849 1458 903 sunt
1485 858 1562 900 non·

192 986 194 989 ·
254 947 360 1010 nullae
378 943 520 1009 initiales
533 944 659 1008 litterae
673 941 882 1029 glagoliticac
895 941 1095 1026 majusculae
1107 941 1283 1028 figuratae,
1304 961 1387 1027 quae
1399 939 1561 1027 imagines

254 1051 450 1114 Sanctorum
467 1060 732 1132 repraesentant,
755 1059 790 1111 ut
802 1046 903 1110 habes
922 1045 955 1110 in
973 1045 1160 1130 specimine
1178 1045 1325 1112 Clodiani
1342 1045 1513 1111 Christum
1529 1057 1560 1110 et

254 1155 418 1229 Coccum,
436 1152 540 1217 alihil.
554 1151 769 1221 ascaricum
784 1171 802 1214 e
816 1151 988 1226 Lazarum,
1001 1150 1155 1218 Cosmam
1165 1149 1401 1215 etDamianum
1424 1148 1559 1234 inscrip

253 1271 306 1324 tos
334 1256 478 1343 cyrillice
492 1277 512 1320 a
526 1277 639 1330 manu,
663 1268 699 1319 ut
713 1254 863 1331 ridetur,
876 1275 1017 1331 coaeva,
1033 1268 1070 1320 ut
1087 1257 1169 1319 adeo
1188 1266 1220 1319 et
1233 1254 1308 1318 hinc
1321 1253 1454 1330 videas,
1466 1275 1558 1341 quam

253 1362 350 1431 luerit
365 1362 444 1428 olim
457 1369 601 1426 omnibuis
617 1359 868 1427 Cisdanuhianis
883 1358 1055 1425 familiaris
1072 1381 1153 1424 usus
1167 1358 1336 1447 utriusque
1348 1358 1525 1445 alphabeti.

886 1644 918 1706 9.

401 1766 472 1853 De
501 1762 714 1882 psalterio
743 1759 995 1848 Ruthenico
1025 1737 1406 1849 semi-tironiano.

349 1921 545 1987 Meminerat
552 1921 619 2004 jam
637 1938 783 1981 summus
798 1923 974 1979 Detrectas
987 1913 1093 1978 lnstit.
1110 1936 1141 1999 p.
1157 1916 1250 1980 Xlll.
1265 1917 1363 2002 hujus
1377 1916 1553 2003 psalteriis

249 2025 422 2096 Caramani
444 2037 476 2089 et
499 2020 659 2089 Bobrovii
682 2019 832 2096 notitiis,
854 2020 913 2084 scd
937 2016 1164 2082 nesciebamus
1186 2023 1279 2106 cujus
1299 2021 1443 2088 familiae
1460 2035 1552 2087 esset

249 2131 335 2199 Audi
349 2153 399 2216 ps.
424 2135 478 2197 10:
508 2151 547 2189 na
561 2115 600 2188 nd
616 2146 782 2203 oynonaxa
800 2145 879 2184 nano
906 2145 1028 2202 perere
1060 2114 1126 2197 nuic
1152 2130 1251 2197 uorci,
1271 2133 1430 2204 npenirari
1447 2149 1489 2189 no
1509 2149 1553 2193 re

247 2259 350 2316 pann,
373 2238 422 2295 ani
447 2237 554 2305 urium
584 2250 653 2289 rano
671 2249 708 2289 ce
732 2229 896 2304 rphmnirri
923 2247 1120 2304 nanpnroma
1134 2231 1219 2296 atina
1240 2242 1301 2294 etc.
1322 2230 1491 2317 Agnoscis
1508 2252 1552 2295 ru.

247 2337 401 2404 thenicae
416 2332 557 2398 familiae
573 2345 640 2395 sec.
656 2330 864 2395 XIV—XV.
881 2328 1071 2414 psalterium
1089 2329 1158 2416 (vel
1170 2352 1212 2396 ex
1225 2335 1309 2397 adm
1332 2335 1552 2421 nanparoma),

248 2444 508 2528 compendiatum
531 2458 616 2500 novo
638 2435 890 2521 stenographiae
914 2434 1082 2518 exemplo;
1111 2458 1186 2501 nam
1214 2437 1368 2503 librarius
1393 2439 1552 2524 cyrillicas

246 2548 373 2613 litteras
381 2543 565 2628 compendii
584 2561 682 2606 causa
702 2537 864 2614 dimidiat,
885 2560 947 2623 pro
963 2563 983 2600 n
1000 2538 1133 2603 nonnisi
1149 2541 1341 2624 iscribens3
1365 2542 1416 2607 sic
1437 2554 1470 2609 et
1486 2543 1553 2609 reli·

247 2673 328 2738 quae
343 2653 501 2736 cujusque
520 2647 647 2710 litterae
663 2642 795 2708 nonnisi
811 2656 936 2728 partem
951 2645 1085 2730 accipit,
1109 2657 1162 2709 aut
1182 2645 1300 2710 minori
1321 2645 1431 2733 ligura
1447 2668 1552 2732 super

247 2757 377 2829 scribit;
399 2754 444 2818 ita
457 2765 565 2816 tamen
579 2763 767 2835 temperans
784 2749 1021 2835 compendium,
1043 2763 1079 2814 ut
1094 2749 1189 2814 facile
1203 2750 1338 2836 quisque
1352 2751 1446 2815 brevi
1463 2748 1553 2836 dispi-

119 2926 121 2930 Α
247 2862 311 2926 ciat
319 2857 459 2947 hominis
473 2855 571 2920 linem
582 2855 825 2928 etmethodum3
839 2866 892 2919 est
905 2875 986 2943 ergo
997 2855 1082 2919 Tiro
1092 2855 1237 2920 slavicus
1249 2854 1282 2921 in
1298 2855 1409 2933 herbis
1424 2869 1551 2922 tantum

880 3137 931 3202 to.
971 3084 973 3089 Ι

246 3263 317 3352 De
339 3258 566 3350 Manassis
592 3256 799 3345 chronico
821 3260 1006 3379 metrico
1031 3260 1188 3371 (versu
1207 3257 1386 3378 politico
1406 3287 1550 3349 exara·

247 3404 295 3493 to
307 3398 487 3515 graece)
501 3391 700 3512 oratione
713 3389 861 3478 soluta
871 3420 1005 3480 verso
1017 3391 1256 3512 bulgarice,
1270 3421 1324 3481 ex
1335 3402 1464 3510 parte
1483 3421 1551 3480 ve·

247 3526 500 3618 iustissimo
522 3522 775 3644 bulgaricae
807 3524 1008 3645 vulgaris
1029 3536 1313 3614 monumento
1334 3553 1425 3613 sec.
1445 3523 1555 3616 XIV

576 3652 707 3744 medii
734 3657 780 3743 in
804 3655 953 3745 codice
971 3657 1202 3767 Vaticano.

345 3839 504 3915 ‚codicem
524 3837 631 3923 ipsum
655 3812 825 3922 jamolim
847 3837 1022 3924 descripsit
1042 3841 1266 3916 Assemanus,
1301 3839 1440 3906 Kalend
1468 3839 1556 3905 Eccl-

247 3944 343 4009 Uaiv.
357 3943 466 4007 Tomo
482 3942 519 4007 V.
537 3954 569 4006 et
583 3941 762 4008 novissime
778 3943 990 4009 doctissimus
1003 3945 1039 4009 Ρ.
1054 3947 1086 4010 J.
1102 3945 1285 4030 Snalarzyk
1301 3944 1398 4031 (alias
1412 3944 1557 4011 Schaffa·

117 4047 121 4054 ’
247 4048 335 4135 nik),
358 4048 391 4110 in
411 4067 509 4132 opere
524 4045 752 4113 recentissimo
769 4047 939 4114 bohemica
964 4050 1087 4135 scripto
1115 4050 1338 4136 antiquitatum
1361 4049 1559 4116 slavicarum

249 4150 510 4239 (historicarum)
526 4149 600 4214 etin
610 4151 858 4238 chronographo
868 4153 978 4219 Musei
989 4155 1061 4219 boh.
1085 4159 1347 4241 teampaolm
1360 4155 1445 4221 adeo
1462 4154 1559 4218 nohis

248 4256 305 4321 vix
318 4265 422 4320 restet
438 4253 525 4318 aliud
540 4253 605 4318 nisi
621 4256 769 4340 exempla
786 4258 863 4323 dare
876 4270 987 4323 textus
1008 4257 1184 4345 bulgarici;
1205 4259 1238 4323 id
1254 4259 1341 4344 quod
1355 4278 1396 4322 en
1418 4258 1560 4324 iacimus

245 4360 404 4425 lubentes.

349 4459 517 4527 Manassis
533 4460 660 4526 metrici
678 4463 789 4527 versio
806 4463 957 4548 prosaica
973 4464 1022 4528 sic
1040 4467 1120 4531 satis
1134 4467 1279 4532 imitatur
1293 4465 1438 4552 linguam
1454 4465 1560 4532 eccle·

250 4567 416 4633 siasticam
428 4562 568 4631 familiae
584 4564 774 4653 bulgaricae
788 4568 983 4634 recentioris
993 4569 1024 4656 *J
1034 4593 1043 4644 ;
1053 4573 1111 4636 sed
1126 4573 1179 4637 uhi
1193 4573 1232 4635 ad
1247 4571 1373 4656 'Projae
1392 4571 1561 4657 excidium

283 4841 310 4910 a)
330 4844 400 4923 Non
411 4843 555 4919 berbicem,
573 4850 605 4896 ut
621 4858 768 4911 perperam
787 4846 854 4898 dicit
871 4853 969 4899 auctor
987 4824 1200 4901 Polonorussus
1219 4848 1338 4916 catalogi
1357 4833 1449 4902 coddss
1467 4850 1561 4904 slavi·

348 4945 446 4985 corum
468 4931 540 4999 apud
557 4933 589 4986 a„
606 4932 684 4996 Mal,
702 4935 783 4985 duct.
797 4935 874 4986 vett.
891 4935 1181 5031 novaefollectlonls
1197 4938 1225 4989 ln
1240 4939 1267 4991 h.
1285 4939 1363 4992 Tom·
1380 4938 1432 4992 lli.
