3646 5978
891 434 935 502 56

889 611 939 674 15.

255 731 424 821 DeW.
451 730 505 822 Α.
528 727 940 846 Maciejowski
974 726 1027 817 ad
1049 725 1289 817 Slavorum
1309 725 1571 832 historiam,

254 865 553 954 litteraturam
601 872 646 951 et
677 861 1006 984 legislationem
1041 860 1371 951 commentariis
1414 858 1570 982 lingua

253 998 569 1116 polonicat
478 996 569 1086 edit
570 999 611 1084 is
635 997 720 1084 Pet
701 996 861 1123 tropoli
887 1005 932 1084 et
955 995 1136 1114 Lipsiae
1159 998 1293 1097 1839,
1322 999 1362 1083 8.
1385 993 1491 1084 voll
1515 992 1582 1081 ll:

248 1256 252 1263 ¹
355 1179 488 1247 Juverit
506 1193 550 1246 et
554 1178 718 1265 aliquanto
734 1173 867 1296 propius
882 1176 1046 1262 inspicere
1063 1176 1254 1264 MacieJovii
1270 1174 1478 1264 periculosae
1501 1175 1568 1262 ple·

247 1310 331 1373 'num
349 1308 432 1372 opus
446 1285 554 1362 aleae,
575 1282 722 1370 intellige
737 1264 887 1346 nimirum
900 1281 1120 1367 periculosum
1134 1305 1200 1346 non
1217 1294 1282 1363 tam
1295 1301 1396 1344 verae
1407 1278 1568 1344 historiae

254 1414 350 1480 quam
364 1386 508 1456 auctoris
521 1387 626 1452 honae
646 1384 898 1462 existimationi,
922 1387 993 1451 sive
1009 1385 1097 1452 illius
1119 1387 1237 1452 honam
1257 1383 1356 1449 iidem
1378 1385 1566 1465 desideres,

254 1497 325 1562 sive
337 1493 496 1582 judicium
509 1513 634 1557 sanum.
656 1488 837 1577 Praecipua
855 1490 965 1576 operis
979 1514 1059 1578 pars
1073 1489 1106 1555 in
1129 1512 1169 1555 eo
1188 1505 1357 1569 versatur,
1379 1502 1417 1555 ut
1432 1511 1568 1575 persua·

254 1602 338 1676 deat,
361 1620 426 1663 uon
445 1618 473 1661 e.
489 1619 521 1684 g.
539 1595 668 1662 Russos
688 1586 812 1661 tantum
828 1600 887 1663 sed
907 1598 1002 1684 plane
1015 1594 1203 1660 universam
1223 1597 1397 1661 Slavorum
1413 1604 1565 1680 gentem,

255 1715 374 1791 quanta
390 1715 423 1767 et
439 1723 526 1766 nunc
547 1713 615 1778 est,
639 1713 671 1765 et
693 1701 770 1766 olim
790 1701 954 1780 luit,›nec
974 1699 1146 1766 exstinctis
1159 1700 1277 1762 dudum
1294 1711 1371 1787 puto
1395 1694 1566 1763 Radantiis

254 1820 287 1872 et
301 1805 434 1871 Potabis
459 1805 627 1890 exceptis,
650 1802 752 1869 fuisse
772 1815 920 1887 primitus
940 1806 1022 1870 ritus
1046 1804 1159 1893 graeei
1181 1802 1394 1879 christianos,
1418 1822 1482 1866 nec
1505 1799 1566 1865 nisi

253 1908 424 1975 Pontificis
434 1907 573 1974 Romani
587 1920 620 1972 et
629 1907 866 1994 lmperatorum
881 1907 1145 1998 germanicorum
1158 1907 1305 1972 artificiis
1320 1917 1376 1971 aut
1385 1905 1420 1969 vi
1435 1906 1566 1970 tandem

252 2015 421 2080 Bohemos
447 2024 479 2076 et
493 2004 638 2075 Polonos
656 2024 690 2077 et
709 2015 888 2100 Hungaros
909 2017 960 2100 (ut
979 2015 1019 2077 de
1040 2010 1220 2076 minorihus
1239 2009 1411 2097 gentibus,
1436 2008 1564 2074 Oroatis

254 2131 287 2184 et
304 2112 517 2193 carentanis,
541 2115 675 2181 Lusatis
698 2130 731 2183 et
750 2116 822 2182 aliis
840 2126 1025 2192 taceamus)
1053 2138 1128 2202 „per
1143 2116 1254 2180 varios
1272 2136 1370 2179 casus
1388 2125 1422 2177 et
1442 2123 1492 2177 tot
1507 2111 1564 2180 dis-

254 2221 531 2288 criminarerum‘¹
550 2221 588 2284 ab
604 2219 780 2305 antiquiori
801 2240 923 2307 graeco
944 2223 985 2284 ad
1007 2220 1104 2285 ritum
1131 2217 1266 2284 latinum
1286 2239 1346 2283 seu
1371 2215 1563 2281 catholicum

253 2346 329 2391 esse
343 2315 519 2390 traductos.
542 2325 629 2389 Audi
646 2324 840 2412 stringentia
858 2325 936 2389 novi
953 2324 1058 2390 critici
1072 2335 1264 2412 argumenta
1281 2321 1447 2386 nonnulla.

356 2430 389 2516 1)
413 2428 496 2495 cum
509 2424 665 2494 historiae
680 2450 796 2494 omnes
809 2429 1000 2514 plerumque
1017 2427 1187 2513 expressis
1200 2425 1312 2490 verbis
1334 2436 1481 2500 narrent,
1505 2413 1561 2510 quo

253 2531 394 2620 primum
425 2546 572 2618 tempore
596 2532 792 2609 Carantani,
815 2532 963 2609 Moravi,
985 2531 1144 2609 Bohemi,
1167 2530 1284 2594 Poloni
1301 2525 1366 2594 etc.⁴
1387 2550 1406 2594 e
1430 2536 1562 2612 papante

253 2637 376 2702 luerint
392 2636 469 2702 facti
484 2637 671 2715 christiani,
694 2658 801 2702 novus
823 2635 877 2701 hic
894 2637 1025 2721 tandem
1041 2634 1192 2710 criticus,
1214 2657 1279 2698 aon
1294 2640 1434 2698 siacDis
1449 2642 1562 2696 animo·

251 2765 326 2815 aas,
348 2738 477 2827 primus
492 2754 525 2806 et
538 2742 629 2805 solus
645 2740 744 2819 vidit,
764 2726 829 2806 hoc
846 2739 1038 2828 paganismo
1054 2736 1191 2825 intelligi
1208 2736 1306 2801 ritum
1325 2735 1503 2824 graecum!
1524 2734 1563 2799 Et

252 2845 352 2932 euge!
375 2836 417 2908 ne
433 2844 518 2908 lorte
535 2847 651 2909 credas
663 2844 754 2913 illum
771 2864 872 2935 posse
889 2854 944 2927 aut
963 2843 1076 2907 lallere
1092 2856 1147 2909 aut
1162 2841 1241 2925 salli,
1263 2841 1432 2927 proprium
1447 2841 1489 2904 de
1504 2836 1563 2903 hoo

247 2944 441 3040 paganismi
448 2966 549 3011 sensu
566 2960 661 3032 eaput
682 2946 816 3033 scripsit
828 2947 893 3024 lll,
916 2948 1018 3012 breve
1034 2946 1067 3012 id
1084 2947 1212 3032 quidem
1233 2945 1293 3010 vix
1314 2945 1464 3010 binarum
1480 2940 1562 3032 pagi·

251 3071 367 3114 narum
390 3045 563 3137 (1.ao7-
581 3055 677 3126 209),
700 3051 760 3113 sed
781 3051 879 3137 longe
902 3048 1000 3133 etiam
1024 3044 1167 3135 futilius'3
1189 3072 1264 3115 nam
1286 3060 1347 3114 n'ec
1372 3046 1460 3112 ullus
1480 3045 1561 3111 illius

251 3153 348 3218 locus
364 3150 418 3217 vel
437 3148 606 3219 levissime
624 3140 758 3241 prohat
761 3165 869 3218 assert
856 3156 942 3218 tum!
965 3138 1024 3217 ille
1039 3140 1146 3237 tamen
1172 3155 1237 3220 hoe
1259 3152 1447 3247 futilissimo
1473 3174 1562 3241 argu·

249 3267 361 3321 mento
363 3254 502 3342 gaudet
517 3277 577 3341 per
594 3269 696 3345 totum
715 3279 798 3342 opus
813 3279 852 3322 ac
866 3279 895 3322 si
884 3239 1068 3325 Achillem
1081 3258 1280 3324 invenisset!

348 3361 419 3449 2)
348 3359 508 3428 2Putes
526 3374 591 3426 tam
606 3382 715 3452 acrem
731 3360 814 3446 ritus
830 3362 942 3451 graeci
954 3362 1111 3428 novitium
1127 3363 1234 3429 saltim
1247 3373 1340 3428 recte
1360 3364 1399 3427 de
1414 3360 1472 3426 illo
1494 3382 1562 3426 seu·

248 3464 328 3528 tire:
351 3463 475 3529 atise't
491 3474 641 3530 eradicet
663 3442 787 3530 laudat
795 3464 834 3546 (Ι.
854 3487 885 3550 p.
899 3471 941 3534 86
956 3478 989 3531 et
1008 3469 1072 3534 2321
1091 3472 1123 3532 et
1142 3467 1238 3554 alias]
1256 3469 1291 3532 S
1306 3467 1469 3552 cyrillum
1491 3486 1562 3530 neo·

248 3569 362 3655 phytis
373 3568 443 3632 suis
447 3566 643 3655 permisisse
657 3576 812 3633 idolorum
827 3567 989 3635 sacrificia
1002 3583 1034 3635 et
1053 3578 1281 3654 polygonatum.
1280 3578 1289 3613 '
1308 3561 1370 3635 SS.
1378 3569 1511 3655 Cprille
1533 3580 1564 3632 et

248 3671 409 3748 Methodi‚
429 3685 520 3737 orate
533 3695 592 3759 pro
606 3673 674 3738 illo.
696 3670 822 3738 Nam
794 3695 823 3736 si
840 3672 901 3737 vel
908 3673 1068 3739 tantillum
1077 3673 1202 3775 judicio
1223 3675 1363 3761 polleret
1382 3687 1439 3739 aut
1461 3672 1562 3740 scien·

248 3775 311 3852 tia,
330 3797 395 3839 uon
412 3774 573 3862 potuisset
587 3796 651 3838 non
673 3774 784 3839 statim
805 3774 1086 3854 animadvertere,
1109 3790 1164 3843 aut
1182 3790 1372 3866 corruptum
1388 3798 1487 3863 esse,
1510 3789 1564 3843 aut

247 3882 451 3975 perperam
436 3901 455 3945 a
470 3897 507 3944 se
527 3880 648 3944 lectum
664 3879 772 3943 locum
786 3879 910 3945 codicis
928 3880 1211 3947 Chilandarensisi

347 3988 384 4072 J
407 3985 515 4064 Quare
529 3983 594 4048 hoc
608 3983 717 4071 potrus
730 4004 903 4061 m1ramur
926 3987 1058 4070 quodp
1080 3991 1123 4053 78
1137 3994 1226 4050 door
1214 3999 1261 4050 ot
1277 3985 1418 4051 deBmV
1435 3984 1563 4050 Mariae

246 4089 370 4154 ueteris
382 4088 525 4177 imagine
542 4086 790 4174 thaumaturga'
781 4109 814 4153 ιιι
830 4088 952 4152 sacello
972 4110 1074 4174 prope
1092 4088 1237 4153 Bruuam
1257 4112 1341 4156 anuo
1360 4092 1428 4176 jam
1449 4088 1562 4154 Domi·

247 4215 281 4257 ιιι
271 4190 398 4257 XXX
412 4195 503 4280 (lege
518 4191 708 4279 trigesimo)
722 4190 902 4256 aedificato.
926 4192 1045 4288 Neque
1058 4193 1331 4278 operaepretium
1348 4206 1410 4271 est,
1433 4205 1499 4258 tam
1514 4192 1561 4257 fu·

245 4294 336 4361 tilem
351 4294 499 4361 criticum
515 4304 598 4359 serto
612 4296 696 4361 velle
710 4281 880 4393 confutare
895 4307 927 4360 et
945 4297 985 4359 ad
1001 4296 1136 4389 stapulo
1160 4299 1305 4361 Tantum
1319 4307 1435 4363 nostra
1454 4296 1561 4362 adhuc

153 4392 169 4419 ²
246 4399 403 4484 nonnulla
416 4412 471 4466 aut
486 4399 640 4484 aliorum,
664 4398 792 4513 quaeis
807 4410 863 4465 aut
885 4399 1032 4485 corrupit
1055 4408 1195 4511 autnon
1216 4401 1396 4480 intellexit,
1419 4401 1454 4467 in
1477 4401 1560 4468 inte·

246 4525 341 4592 grum
363 4497 586 4570 restituamus

345 4734 441 4786 deberi
463 4735 568 4788 nomini
592 4738 705 4804 proprio
722 4740 835 4801 Karoti,
853 4736 935 4802 plane
960 4741 993 4787 ut
1011 4737 1214 4789 Germanorum
1232 4741 1334 4789 Koieer
1354 4737 1460 4790 laetum
1478 4738 1519 4790 sit
1543 4752 1559 4791 e

345 4838 405 4877 sec.
424 4826 446 4874 Ι.
464 4840 538 4876 nom.
557 4839 651 4892 propr.
668 4826 790 4892 Καῖσαρ.
811 4825 867 4877 Sed
886 4840 936 4891 en,
954 4840 1039 4878 saevo
1059 4827 1188 4878 fortunae
1208 4826 1291 4892 ioco,
1309 4821 1355 4878 hic
1378 4825 1424 4879 sui
1448 4826 1560 4881 inventi

345 4911 459 4976 oblitus,
477 4914 721 4979 exoptatissimum
740 4919 842 4966 testem
854 4928 929 4966 usam
940 4913 1007 4980 ipse
1025 4929 1080 4967 non
1092 4914 1217 4982 agnovit.
