3646 5978
706 491 709 495 >
806 441 991 552 ...ιω

248 629 406 695 clenodiis
421 635 503 700 1793
515 629 644 715 publice
660 633 864 698 combustum
876 650 963 707 essa,
985 629 1114 695 furente
1131 632 1273 696 maxime
1291 631 1532 735 „Revolutioue
1525 680 1554 714 .,,

245 735 459 825 Augebalquo
489 737 687 814 desiderium
707 738 879 803 Soblducri
903 730 1108 813 lamentatio,
1135 749 1179 802 ot
1196 734 1377 803 Dobrovii
1390 723 1556 818 Alterique
1606 742 1612 753 ‘

247 841 363 905 doctae
381 843 578 926 hypotheses
595 845 635 907 de
647 842 746 908 rratali
759 853 826 907 tam
843 841 911 936 cari
928 841 1070 915 codicis3
1092 842 1225 907 Alterus
1241 839 1327 905 enim
1341 859 1416 902 eum
1430 850 1554 922 partem

246 946 401 1030 putabat
391 946 534 1033 ungentis
552 948 692 1030 praedae
706 967 749 1010 ex
768 958 861 1030 capta
886 928 968 1014 1204
988 947 1027 1010 ab
1044 942 1310 1012 Occidentalibus
1327 941 1555 1039 Constantino·

246 1049 329 1135 poli,
352 1050 542 1115 Dobrovms
557 1051 677 1113 donum
695 1051 874 1116 sorborum
888 1070 1024 1138 regmae
1039 1052 1232 1115 Helenaea
1252 1050 1349 1123 1250,
1372 1032 1467 1132 quam
1488 1047 1593 1142 qui-y

248 1154 329 1218 dem
335 1154 390 1218 ille
404 1154 486 1219 salso
500 1175 558 1238 pro
576 1167 651 1218 nata
669 1153 765 1220 Galla
780 1155 901 1232 habuit,
924 1177 997 1220 oum
1014 1154 1146 1219 nonnisr
1136 1155 1318 1218 Francam
1334 1152 1442 1216 dicant
1463 1144 1564 1214 cliro!

248 1259 339 1342 nica,
361 1257 394 1323 id
415 1273 482 1334 est,
509 1258 596 1324 inter
613 1258 802 1326 catholicos
819 1258 1011 1326 Occidentis
1030 1271 1157 1336 natam,
1187 1258 1259 1323 sive
1274 1257 1437 1340 'liungara
1459 1246 1567 1320 luerit'

250 1362 321 1426 sive
332 1362 445 1445 Galla,
468 1375 523 1426 aut
539 1362 715 1431 Germana.
737 1357 863 1428 Eodem
878 1365 970 1448 jure,
991 1361 1025 1426 id
1044 1375 1096 1426 est
1107 1381 1209 1447 purae
1225 1371 1321 1444 putae
1337 1346 1568 1444 conjecturae,

248 1487 312 1553 quo
328 1468 457 1531 Alterus
470 1479 504 1530 et
515 1461 722 1544 Dobrovius,
744 1465 937 1552 opinabatur
961 1464 1116 1550 Kopitar,
1140 1464 1287 1530 codicem
1300 1462 1453 1536 ,adlatum
1467 1463 1555 1528 Pari·

248 1570 318 1635 sios
335 1570 374 1634 ab
391 1569 527 1636 Henrici
541 1571 566 1634 l.
581 1570 709 1636 Galliae
723 1571 815 1657 regis
831 1568 935 1634 ux'ore
947 1571 1056 1636 Russa
1072 1568 1202 1637 asloao.
1216 1569 1260 1632 Et
1275 1565 1349 1653 quid
1363 1565 1568 1653 impediebat

247 1688 397 1762 quartum
417 1696 648 1762 quemcumque
663 1677 778 1740 eodem
796 1678 1006 1761 conjecturae
1023 1670 1157 1739 arbitrio
1174 1671 1311 1758 opinari,
1321 1662 1467 1736 codicem
1482 1682 1557 1736 esse

247 1779 360 1864 ipsius
368 1780 578 1856 §.Methodii
602 1782 642 1844 ad
658 1779 874 1859 confutandos
892 1777 1038 1844 slavicae
1050 1777 1201 1864 liturgiae
1219 1769 1467 1840 calumniatores
1482 1764 1557 1838 mis·

219 1896 222 1901 ’
248 1906 321 1948 sum
335 1885 469 1950 Romam
491 1898 523 1949 et
544 1883 747 1949 indenescio
774 1905 836 1970 quo
859 1904 939 1956 casu
962 1885 1103 1949 delatum
1125 1881 1271 1947 Remos?
1293 1876 1498 1958 Quorsum,
1521 1890 1558 1943 ut

247 2000 282 2054 et
297 1987 408 2073 populi
424 1987 636 2073 perseverant
649 1998 735 2053 vivos
759 1990 895 2054 eredere
908 1989 1012 2053 bonos
1027 1985 1203 2073 principes,
1219 1984 1367 2084 quamvis
1382 1983 1477 2047 fama
1478 1971 1556 2046 nun-
1562 2050 1567 2064 ‚

247 2093 314 2158 ciet
333 2093 471 2182 obitum,
494 2114 558 2157 non
574 2103 742 2158 credentes
759 2093 897 2169 lactum,
919 2083 1010 2178 quod
1022 2098 1226 2167 nolebamus,
1247 2088 1449 2176 ruminantes
1464 2071 1569 2171 prae-³

247 2211 357 2275 terea,
380 2218 445 2262 non
459 2197 570 2262 videri
578 2189 745 2282 probabile
761 2211 796 2262 ut
812 2197 884 2282 quis
901 2196 1072 2272 volumen,
1094 2206 1234 2282 argento
1250 2213 1395 2291 auroque
1414 2204 1555 2266 tectum,

247 2316 283 2369 et
305 2303 445 2390 gemmis
468 2313 617 2366 ornatum
635 2301 704 2389 igni
720 2304 842 2378 tradat,
870 2301 956 2366 lurto
976 2312 1083 2366 autem
1104 2310 1238 2363 exutum
1262 2286 1421 2362 abscondi
1447 2296 1556 2381 potins

247 2428 345 2494 quam
355 2405 483 2492 publice
500 2405 621 2482 ellerri,
635 2405 825 2490 peramicos
834 2405 963 2470 Russos
974 2416 1006 2469 et
1014 2397 1130 2469 Gallos
1138 2398 1370 2467 renovavimus
1378 2390 1416 2464 'in
1431 2401 1504 2464 loco
1516 2402 1556 2464 de

245 2523 339 2577 textu
355 2509 499 2575 remensi
515 2506 817 2597 investigationem,
841 2521 873 2574 et
889 2530 967 2574 ecoe
981 2521 1115 2594 praeter
1133 2529 1224 2593 spem
1245 2505 1364 2592 optatis
1387 2505 1563 2590 respondit

247 2615 407 2680 eventus!
435 2620 517 2678 Vivit
536 2622 648 2678 adbuc
660 2615 767 2678 codex
788 2612 973 2698 quaesitus,
995 2614 1055 2677 sed
1075 2613 1250 2677 thesaurus
1276 2624 1413 2698 ennunc
1428 2609 1556 2693 quidem

248 2721 348 2785 carbo
364 2733 434 2796 est,
450 2731 490 2783 at
500 2738 620 2806 magno
635 2729 743 2782 tamen
756 2729 873 2781 nostro
888 2710 1005 2783 solatio
1018 2717 1116 2782 etiam
1131 2715 1208 2781 olim
1223 2715 1310 2828 idern
1333 2714 1403 2781 luit
1424 2713 1556 2779 Scimus

248 2846 350 2913 ergo,
373 2824 467 2889 nobis
481 2823 525 2888 nil
543 2821 680 2908 pretiosi
692 2829 836 2902 periisse.

350 2929 466 3014 Neque
490 2949 551 2992 nos
572 2925 779 3013 negleximus
810 2926 895 2991 bunc
916 2926 1171 3011 qualemcunque
1190 2925 1250 2990 sed
1272 2937 1396 2989 eertum
1417 2934 1554 2985 nostrae

247 3032 412 3119 indaginis
434 3032 573 3096 fructum
593 3030 626 3095 in
646 3030 868 3095 Brockbausii
889 3030 975 3095 loliis
995 3028 1164 3094 litterariis
1187 3050 1215 3095 a.
1240 3034 1339 3109 1838,
1361 3028 1424 3093 Νι.
1439 3031 1493 3095 3u-
1514 3033 1556 3095 35

248 3136 444 3222 publicare,
473 3137 540 3200 Sed
573 3154 675 3222 eece,
727 3135 916 3219 nuperrime
953 3133 1093 3198 vidimus
1129 3135 1163 3198 in
1183 3133 1317 3198 ‘russici
1345 3137 1442 3195 curus
1465 3122 1555 3192 'Ore-

248 3262 379 3317 vecrua‚
403 3240 446 3304 Τ.
459 3240 556 3315 Vlll,
579 3237 767 3324 appendicis
781 3260 810 3323 p.
828 3245 878 3304 70.
894 3259 1011 3302 vanam
1027 3237 1060 3301 in
1082 3249 1248 3322 autoptam
1268 3243 1410 3299 Russum
1427 3241 1552 3313 Str-ofer,

249 3343 442 3409 calumniam
459 3343 545 3411 alius
553 3343 660 3409 Russi
677 3340 846 3426 anonymi,
869 3342 980 3424 quiex
991 3339 1146 3404 archiviis
1163 3338 1301 3403 russicis
1318 3359 1355 3402 se
1373 3348 1464 3423 putat
1483 3358 1557 3422 pro·

248 3451 327 3514 bare
348 3470 468 3534 posse,
496 3470 608 3512 omum
635 3458 778 3511 textum
790 3443 947 3509 slavicum
979 3443 1135 3529 periisse,
1176 3439 1405 3527 servatumque
1428 3443 1556 3515 taudem

248 3552 348 3617 alium
363 3536 512 3616 viliorem
515 3573 601 3638 ,quo
617 3563 714 3616 antea
726 3550 970 3631 (anteA.1655)
986 3549 1159 3612 utebantur
1173 3549 1213 3611 ad
1228 3545 1321 3642 regis
1338 3544 1557 3632 inauguratio·

249 3678 335 3721 nem.
357 3657 519 3757 Anonymi
541 3656 721 3721 calumniae
736 3653 952 3718 confutandae
971 3651 1093 3717 sufficit
1108 3673 1171 3716 una
1191 3651 1291 3726 baec,
1323 3651 1381 3714 sed
1393 3646 1557 3738 'palmaris

249 3758 409 3849 objectio,
439 3760 562 3824 codicis
584 3769 703 3825 serrati
730 3757 868 3844 primam
892 3758 1075 3822 columnam
1099 3777 1119 3820 a
1139 3742 1387 3820 bibliothecariis
1411 3752 1557 3818 remensi

249 3870 475 3985 lvdoypeqmpir
490 3852 697 3949 publicatam
702 3864 904 3947 respondere
921 3864 962 3926 ad
980 3861 1136 3926 amussim
1163 3871 1259 3923 notae
1276 3856 1402 3961 pridem
1423 3857 1557 3920 notitiae

248 3984 283 4036 et
296 3969 442 4035 versioni
456 3989 476 4032 ι
490 3969 670 4034 secretario
691 3967 792 4055 logan
804 3966 937 4032 Russrci
959 3988 988 4032 a
1003 3970 1082 4057 1721
1115 3961 1283 4060 confectae
1305 3962 1345 4025 ad
1366 3980 1485 4057 preces
1506 3981 1556 4024 ca·

248 4074 359 4140 uonicr
349 4073 540 4159 cujusdam
555 4071 726 4137 remensis.
747 4073 809 4136 Est
824 4093 903 4158 ergo
918 4070 970 4135 bic
989 4071 1096 4134 codex
1116 4088 1215 4132 verus
1236 4064 1440 4156 verissimus
1453 4052 1557 4137 idem,

248 4179 303 4266 qui
315 4199 335 4242 a
347 4179 447 4242 Petro
465 4179 587 4265 Magno
604 4173 694 4244 1717
697 4176 791 4241 visus
806 4189 838 4240 et
858 4175 890 4238 in
903 4172 1005 4260 priori
1021 4173 1072 4237 sui
1092 4184 1185 4256 parte
1201 4157 1331 4258 agnitus
1350 4168 1412 4235 'est
1420 4189 1480 4254 pro
1503 4192 1556 4254 cy·

246 4281 388 4347 rilliauo.
408 4281 446 4345 Si
461 4302 521 4368 arg
501 4281 647 4344 ornandus
667 4292 740 4345 erat
758 4281 911 4366 Strojev,
938 4278 1048 4364 potius
1071 4278 1103 4342 in
1126 4297 1165 4341 eo
1186 4286 1315 4360 poterat
1341 4274 1555 4360 reprebendi,

247 4390 334 4476 quod
349 4399 474 4472 partem
494 4383 712 4469 posteriorem
733 4385 812 4472 ggla
792 4382 954 4448 ⁰oliticam
970 4404 1034 4448 non
1051 4390 1230 4482 agnoverat
1242 4400 1302 4465 pro
1314 4379 1461 4444 Slav1ca
1451 4425 1461 4463 ‚
1453 4377 1556 4440 ·lice·

247 4491 385 4556 bathon
411 4490 510 4553 Petro
531 4489 656 4574 Magno
680 4493 777 4563 1717,
800 4501 832 4551 at
851 4509 916 4552 non
938 4496 1062 4552 erudito
1077 4485 1220 4549 Slavoa.
1240 4489 1331 4552 1837.
1354 4482 1428 4560 Quo
1448 4493 1554 4546 autem

247 4605 311 4662 allo
331 4602 522 4677 Europaeo,
544 4591 602 4656 vix
623 4603 733 4676 putem
754 4592 895 4668 slavico‚
917 4604 991 4657 ante
1019 4593 1103 4656 bane
1126 4588 1308 4656 cardinalis
1330 4584 1555 4672 bothariugici

247 4696 454 4763 donationem
477 4686 530 4760 usi
551 4694 673 4759 luerint
694 4692 727 4757 in
753 4697 892 4777 ,διιιοΗ
922 4694 1028 4769 Galli,
1049 4714 1134 4757 nuuc
1157 4692 1252 4756 nobis
1272 4690 1401 4774 quidem
1420 4688 1555 4775 perinde
1629 4718 1632 4725 ·

248 4815 322 4877 est,
346 4822 419 4865 cum
442 4802 585 4865 sciamus
594 4846 613 4899 ,Χ
628 4799 788 4864 slavicum
810 4798 905 4864 nobis
921 4821 1032 4864 oerum
1057 4811 1222 4864 servatum
1245 4816 1341 4871 esse,
1363 4815 1555 4882 quamquam

248 4905 352 4975 seculi
371 4904 427 4970 vix
439 4904 699 4972 Xchodieem.
729 4960 731 4967 .
761 4942 765 4948 ·
