3646 5978
884 471 937 537 ’43

289 642 292 647 “
360 641 466 724 Quam
497 641 627 731 quidem
660 639 918 707 vetustissimam
952 637 1119 725 praeteriti
1149 637 1320 714 sormam,
1352 639 1383 702 si
1412 644 1568 704 Dobrouto

245 746 293 811 :in
310 750 401 813 codd.
418 748 517 812 Russ.
544 745 735 810 obvenisset
756 741 916 830 unquam,
945 742 1000 808 ille
1032 754 1121 806 certe
1150 762 1214 807 non
1244 741 1412 806 tacuisset.
1444 742 1570 821 Quodsi

258 872 322 915 nec
347 860 549 916 Vostocovr'us
565 849 740 933 protulerit
762 871 834 913 curn
851 847 1038 913 Ostromiro
1059 869 1138 923 suo,
1161 846 1234 911 sive
1250 850 1297 911 ex?
1315 847 1379 910 hoe
1400 845 1473 929 ipso
1498 845 1570 909 sive

258 956 390 1020 aliunde
409 956 560 1041 petitam,
594 974 654 1018 nae
676 952 902 1040 gratulandum
925 952 986 1017 erit
1018 951 1270 1018 Cisdanubianis
1298 950 1482 1026 codicibus,
1506 950 1571 1036 qui-

257 1061 321 1124 bus
348 1062 429 1125 solis
463 1061 623 1124 debeatur·
641 1058 722 1122 baec
743 1057 802 1122 vix
834 1071 964 1143 sperata
994 1056 1162 1143 praeteriti
1187 1056 1309 1132 formu,¹
1338 1077 1478 1143 graecae
1502 1055 1571 1119 lati·

258 1183 385 1250 naeque
414 1184 528 1238 soror,
564 1161 661 1225 simul
682 1161 850 1226 illustrans
872 1159 1006 1248 egregie
1028 1170 1204 1226 solitarium
1226 1154 1320 1228 antea
1345 1173 1378 1226 et
1402 1160 1493 1247 quasi
1516 1183 1572 1224 on-

259 1275 489 1331 tedtluoianum
517 1268 630 1327 omens
657 1259 806 1351 (ἐγένετο).
828 1303 869 1312 -
890 1267 983 1328 Adde
1009 1277 1042 1328 et
1069 1275 1319 1342 contractiones,
1350 1264 1474 1349 similes
1499 1265 1572 1331 Clo·

258 1371 373 1436 zianae
397 1377 524 1447 ebrona
549 1375 638 1446 350,
673 1390 768 1454 quam
802 1367 925 1433 erroris
953 1390 1016 1433 nos
1047 1368 1130 1433 salso
1152 1371 1335 1435 damnasse
1358 1391 1445 1433 nunc
1484 1367 1573 1433 vide-

257 1496 347 1540 mus:
381 1497 508 1550 nuonn,
548 1495 719 1552 npnqonu»,
758 1475 947 1552 o6pbroun3,
985 1495 1192 1556 suanorum
1230 1480 1317 1538 obers
1352 1475 1467 1537 ductus
1497 1484 1572 1564 est,

258 1576 534 1660 norperauuqq,
560 1577 625 1641 imo
649 1589 681 1641 et
705 1600 849 1656 norpern
879 1576 958 1663 (sic)
990 1576 1149 1661 sepelire,
1182 1590 1214 1642 et
1250 1578 1381 1663 3plur.
1411 1581 1572 1651 o6alrnrn,

258 1691 438 1758 ornacum,
475 1704 659 1756 susurnam,
703 1688 870 1747 ousnbmn
900 1691 921 1743 d
951 1688 1072 1767 purus,
1105 1703 1241 1768 quorum
1273 1680 1404 1747 nonnisi
1426 1681 1573 1746 ultimum
1638 1742 1643 1747 .

258 1801 354 1852 norat
377 1786 577 1863 Dobrovius,
601 1788 660 1850 sed
683 1785 778 1852 aliter
801 1784 943 1870 explicat
969 1785 1050 1850 lnst.
1078 1790 1157 1863 541,
1188 1780 1283 1872 quam
1308 1786 1449 1850 fortasse
1477 1784 1572 1850 fecis·
1623 1785 1627 1792 ’

256 1905 329 1969 set,
351 1892 388 1959 ,si
416 1904 531 1956 nostra
554 1891 704 1981 exempla
728 1891 885 1956 novisset.
914 1891 950 1977 2)
975 1891 1146 1975 Formulas
1173 1912 1291 1955 vocum
1316 1891 1464 1979 italicam
1484 1889 1572 1968 illius

256 1995 332 2059 aevi
361 1993 522 2080 originem
537 1993 718 2059 referentes
735 2013 810 2057 esse
826 1992 859 2057 in
877 2007 1014 2079 utroque
1039 1993 1153 2059 codice
1166 2006 1218 2058 sat
1240 1994 1443 2081 frequentes,
1463 2006 1499 2057 ut
1515 1999 1573 2067 nb·

258 2123 348 2178 caps,
360 2105 456 2172 onbn,
469 2122 573 2177 nuspa
590 2099 712 2186 [cqsan
727 2096 845 2173 oleum,
859 2098 966 2185 libra).
981 2104 1017 2173 3)
1034 2121 1152 2161 corona
1169 2099 1266 2164 etiam
1277 2101 1396 2165 babent
1410 2120 1482 2162 cum
1500 2097 1573 2163 Clo·
1594 2160 1596 2164 .

257 2187 359 2267 niano
369 2215 401 2267 et
411 2192 666 2296 Monacensibus
674 2251 685 2286 ,
708 2222 768 2286 pro
784 2225 901 2264 carana
911 2202 1069 2267 hodierno
1082 2204 1215 2267 redacto
1231 2205 1271 2268 ad
1288 2201 1496 2288 peregrinam
1510 2200 1574 2265 lor·

255 2329 376 2390 mam,
395 2318 510 2371 contra
536 2305 667 2392 linguae
688 2305 837 2393 genium,
866 2327 906 2370 ac
931 2307 960 2369 si
980 2307 1053 2393 quis
1070 2316 1179 2372 ellim
1196 2309 1297 2372 vellet
1310 2307 1494 2391 restituere
1513 2317 1573 2371 Ro-

256 2433 351 2492 mam.
369 2413 407 2487 4)
421 2417 450 2474 d
465 2409 704 2504 epentbeticum
719 2410 850 2494 saepius
870 2410 940 2475 sere
957 2411 1139 2513 negligunt&
1151 2392 1247 2496 qnam
1269 2413 1403 2489 babent,
1425 2433 1574 2498 praeser-

256 2514 318 2593 tim
344 2526 419 2579 ante
441 2538 460 2575 u
483 2526 517 2579 et
541 2537 571 2580 ιιι
599 2527 631 2579 et
651 2538 733 2587 ens3
761 2520 864 2578 aenab
896 2537 982 2580 nom.
1007 2529 1039 2581 et
1066 2535 1140 2602 gen.
1164 2539 1292 2589 aenan,
1313 2519 1373 2581 sed
1396 2517 1465 2582 fere
1491 2539 1575 2583 sem·
1650 2599 1652 2604 .

254 2639 317 2703 per
346 2640 426 2680 serm
454 2619 531 2692 dat,
560 2599 734 2682 ausuromn.
762 2618 809 2735 b)
832 2638 892 2734 pro
916 2625 1083 2680 nousnbra
1112 2619 1260 2686 Cloziani
1283 2621 1379 2685 habet
1402 2629 1574 2698 noqsnbra

255 2710 525 2801 Assemarrianus.
547 2721 583 2806 6)
600 2722 668 2784 Sed
683 2719 824 2783 maxime
840 2741 873 2784 ιιι
882 2721 946 2785 hoc
960 2742 997 2785 se
1006 2735 1167 2787 monstrat
1178 2722 1322 2808 aliquant
1324 2725 1573 2790 crecentiorem

256 2824 416 2924 Cluuiano
433 2824 709 2901 Assemanianus‚
731 2827 816 2910 quod
836 2826 974 2894 subinde
988 2847 1005 2890 e
1021 2827 1151 2914 vulgari
1165 2828 1334 2913 bulgarica
1346 2829 1486 2918 admittit
1499 2853 1574 2905 qen-

256 2921 321 2993 eru
337 2927 445 3014 (ιιμέρα
451 2929 556 3013 ἐκείνη)
566 2949 627 3011 pro
643 2951 724 3004 qens
740 2951 793 3005 aa,
803 2932 929 3010 pa6oun
941 2936 1095 3015 propetis
1115 2956 1158 2995 uu
1177 2932 1193 2995 ὁ
1214 2936 1322 3005 δοῦλος
1347 2912 1464 3018 ἐκιιιος,
1478 2958 1572 3016 napo·

256 3055 334 3109 poca
348 3050 408 3115 pro
427 3054 552 3109 napoqn
570 3054 606 3094 cu
622 3056 638 3094 o
630 3024 789 3114 ὄχλος
755 3055 860 3109 ουτος,
880 3035 956 3120 quin
974 3047 1007 3100 et
1021 3055 1191 3100 nemnnocs
1216 3051 1309 3099 κεῖται
1327 3031 1414 3110 οὗτος
1436 3060 1496 3122 pro
1521 3061 1574 3101 ae·

255 3158 349 3199 arnan
359 3158 412 3208 cr,
429 3133 641 3199 redeunt1bus
651 3155 768 3221 nempe
779 3139 959 3223 euphoniae
973 3160 1072 3203 causa
1081 3140 1283 3224 plenioribus
1294 3142 1502 3206 etveterrbus
1522 3165 1573 3206 so·

255 3241 309 3316 nis
334 3257 346 3301 ε
367 3253 446 3308 eto
457 3237 490 3303 in
507 3239 615 3302 vicem
639 3239 906 3341 semivocalium,
910 3255 1087 3331 mutarum
1107 3266 1126 3304 ιι
1143 3255 1177 3307 et
1196 3266 1239 3318 s,
1263 3261 1344 3339 quae
1354 3244 1513 3353 alioquin
1532 3248 1573 3311 de

255 3345 371 3432 recula
388 3346 470 3409 adeo
493 3343 533 3406 de
555 3340 662 3405 diem
671 3328 781 3406 diem
813 3346 919 3432 magis
953 3325 1160 3432 obmutuere,
1195 3359 1231 3410 ut
1265 3347 1355 3412 vel
1330 3369 1377 3417 1n
1402 3348 1510 3413 media
1537 3348 1572 3413 li-

255 3456 336 3527 nea,
362 3447 434 3514 sine
460 3443 644 3530 compendii
667 3446 896 3526 excusatione,
921 3450 975 3514 vel
1003 3450 1190 3535 omittaptur
1210 3450 1264 3515 vel
1289 3437 1473 3517 scribantur
1499 3451 1572 3516 sine

255 3553 455 3620 discrimine.
477 3553 513 3640 7)
538 3549 623 3630 Quid
653 3551 738 3634 quod
759 3551 991 3617 Bononiensis¹
1009 3556 1078 3639 jarn
1104 3577 1233 3616 'neruus
1258 3556 1355 3620 babet
1389 3576 1571 3642 pronomen

254 3657 500 3741 possessivum:
521 3678 561 3717 er,
577 3661 699 3743 {nusae
714 3662 928 3731 unumunurn,
946 3680 1087 3738 norouoy
1104 3680 1224 3723 ιιιιιιιιιο
1238 3662 1466 3737 noqo6nr'scn,
1480 3659 1570 3744 (cum

256 3782 321 3848 quo
337 3758 409 3845 quis
428 3757 565 3834 vixerit,
588 3760 659 3843 ejus
676 3757 762 3850 vitae
777 3759 1035 3847 assimilabitur).

356 3866 448 3945 Quae
464 3863 612 3950 cyrillico
627 3865 817 3955 charactere
832 3863 1036 3951 notatasunt
1049 3866 1082 3930 in
1099 3867 1232 3945 codice,
1255 3881 1332 3933 sunt
1349 3889 1387 3932 ea
1402 3872 1500 3933 manu
1516 3892 1568 3933 ru«

254 3968 389 4035 dissima
404 3981 537 4033 exarata
550 3967 652 4032 multo
666 3968 843 4033 recentiori
864 3972 1097 4057 cujuscunque
1109 3972 1237 4036 demum
1260 3991 1347 4034 nom,
1363 3994 1567 4052 npaaonocs,

252 4074 308 4162 qui
323 4075 379 4142 fol.
401 4077 442 4140 46
454 4073 539 4137 inter
553 4074 665 4138 ambas
679 4073 802 4140 codicis
817 4075 984 4139 columnas
992 4074 1123 4140 rubrica
1134 4073 1259 4140 notavit
1268 4092 1283 4136 :¹
1299 4071 1451 4137 onanaca'
1462 4099 1566 4139 noann

250 4200 435 4261 upanonocn
449 4200 528 4240 unca
547 4165 739 4242 eoanrrenie
751 4202 825 4269 *cue
840 4179 929 4245 Cave
937 4192 1047 4244 tamen
1058 4181 1184 4256 credas,
1196 4201 1268 4243 cum
1279 4180 1475 4260 Caramano,
1490 4192 1565 4246 esse

251 4281 529 4367 subscriptionem
546 4281 669 4347 librarii
677 4307 686 4359 ;
712 4285 771 4348 sed
794 4296 863 4360 est,
893 4295 928 4348 ut
952 4283 1084 4348 millena
1108 4283 1184 4347 talia
1205 4282 1238 4346 in
1263 4285 1355 4348 codd.
1383 4285 1565 4369 periculum

250 4409 377 4474 pennae
396 4385 493 4451 otiosi
508 4399 562 4450 aut
582 4387 657 4451 vani
674 4388 797 4453 codicis
812 4388 1018 4457 tractatoris:
1041 4401 1076 4452 ut
1094 4388 1127 4452 in
1148 4387 1220 4473 ipso
1246 4389 1310 4452 hoc
1332 4401 1447 4452 nostro
1467 4389 1487 4452 s.
1508 4396 1562 4458 76.

249 4515 307 4555 aar,
317 4515 400 4553 nom,
417 4515 515 4554 crans
529 4515 655 4554 nncaxa
664 4514 761 4556 manu
771 4493 845 4557 rudi
860 4493 1182 4569 serbicaetrecenti3
1197 4492 1262 4557 imo
1275 4505 1308 4556 et
1320 4507 1416 4557 manu
1432 4493 1563 4582 antiqua

248 4597 270 4661 f.
285 4601 338 4665 93.
356 4591 397 4658 rii
408 4592 557 4676 symeone
569 4591 645 4660 omni
657 4620 800 4660 nonaran
811 4601 913 4677 pa6oy
932 4620 1088 4676 cnorenoy.
1109 4597 1281 4682 Nunquam
1299 4603 1446 4660 τοῦπαπὸι
1461 4599 1561 4663 Joan·

248 4698 303 4764 nis
332 4699 495 4765 Vaccileri
529 4703 729 4788 (apauonocn
766 4701 852 4765 enim
883 4714 936 4768 est
963 4699 1129 4788 Vaccifer)
1161 4701 1336 4765 miloniana
1359 4716 1561 4767 manustram

247 4803 385 4889 nitidum
403 4805 549 4870 codicem
572 4803 780 4890 scripsisset,
802 4805 936 4893 ipsaque
958 4807 1040 4870 haec
1055 4818 1132 4892 nota
1148 4817 1217 4870 toto
1235 4806 1342 4889 coelo
1347 4807 1446 4872 distat
1456 4807 1523 4873 ab
1513 4829 1559 4871 rn-

246 4908 483 4993 scriptionibus
497 4909 777 4997 imaguncularum
794 4909 960 5029 cyrillicis,
976 4908 1109 4981 coaevis
1124 4897 1359 4998 glagoliticis'
1349 4931 1391 4979 ιιι
1405 4909 1477 4994 ipso
1497 4910 1559 4974 lroc

1301 5020 1323 5082 5
1344 5016 1361 5054 4*
