3646 5978
889 421 932 483 26

825 499 994 529 ...-

252 587 325 671 666
340 585 459 671 βότυςὴ
468 582 621 668 όφλεκτος,
632 586 767 670 ἡόχουσα
780 585 866 650 ἔνδον
872 585 906 650 τό
917 595 977 669 πῦρ
992 592 1043 670 τῆς
1055 585 1200 669 θεότητος
1206 590 1256 650 καί
1264 584 1303 670 μὴ
1312 591 1566 672 καταφλεχθεῖσα.

253 697 345 758 Δεῦτε
376 685 428 755 οὖν
449 691 575 772 ἀδελφοὶ
598 696 626 754 oi
640 694 687 754 ἐπὶ
708 698 750 754 τοῦ
769 698 874 774 Χριςιῦ
892 690 1077 768 ἐλπίζοντες,
1098 690 1346 774 προσκυνήσωμεν
1372 689 1424 775 τὴν
1446 691 1567 777 λογικόν

128 866 137 879 χ
239 794 395 878 ικιβωτὸν,
417 793 469 878 τὴν
491 794 702 876 ἀπολείψασαν
723 791 933 878 τὴν.πλόνην·«
946 792 985 856 δι’
1005 788 1041 876 ἦς
1053 792 1245 877 ἐζωοποιήθη
1264 796 1284 878 6
1303 805 1491 879 νεκρωθεῖσα
1507 796 1565 878 φό-

254 924 299 974 σις
313 899 371 963 ὑπό
391 908 442 984 τῆς
458 901 620 985 ἁμαρτίας·
643 897 839 984 σόμερονγοὶρ
855 899 993 984 ἐτέχθηίγ
1011 898 1108 982 νόμφη
1134 907 1189 962 τοῦ
1213 905 1388 984 ἐπουρανίου
1413 905 1464 965 καὶ
1487 901 1563 976 ζῶν-

203 1003 204 1008 ’
252 1026 302 1078 τος
323 1006 465 1086 νυμφίους
495 997 548 1067 saia
571 1000 697 1086 μὲνγὰρ
723 1013 882 1067 πεισθεῖσα
896 1000 955 1067 όπό
970 1001 1104 1086 κατάραν
1116 1005 1226 1087 γέγονε·
1250 1008 1344 1088 μαρία
1358 1009 1499 1090 ἐγεννήθη
1513 1010 1564 1070 καὶ

252 1107 370 1192 εὐλογία
382 1117 457 1172 πᾶσι
471 1112 600 1193 γέγονενι
617 1101 671 1171 εόα
683 1112 798 1191 ἐκτίστη
812 1108 892 1197 καλή
909 1107 995 1191 θόρα
1011 1116 1064 1171 τοῦ
1079 1112 1263 1191 παραδείσου
1281 1111 1443 1186 κέκλειςαι·
1458 1109 1476 1194 6
1493 1111 1565 1195 ἁγία

251 1215 403 1296 παρθένος
423 1216 546 1299 ἐτέχθη,
569 1215 619 1275 καὶ
641 1227 704 1286 τοῖς
731 1220 822 1276 πᾶσιν
837 1212 853 1276 6
871 1210 1054 1295 παράδεισος
1067 1219 1118 1295 της
1134 1220 1247 1336 τρυφῆς
1267 1211 1424 1295 ἠνέωκταιε
1454 1208 1509 1278 aia
1533 1221 1563 1279 ἐ-

219 1382 224 1402 ,
252 1321 382 1400 κτίσθη,
403 1320 455 1380 καλ
475 1315 680 1398 ἐκβέβληταιό
702 1314 786 1399 6666
811 1341 864 1380 του
851 1320 1013 1400 παραδεί
1011 1340 1082 1380 σου
1103 1317 1122 1401 6
1141 1317 1212 1443 ἁγία
1227 1320 1380 1400 παρθένος
1390 1321 1497 1402 ἐτεχθη
1512 1322 1564 1383 καὶ

252 1417 340 1504 ληςῆς
354 1419 602 1506 Jsiot666v6co:
625 1418 767 1505 όέχθρός
784 1418 835 1506 τὴν
850 1444 1007 1505 υποσχισιν
1018 1447 1069 1505 της
1091 1421 1257 1503 νεκρώσεως
1283 1421 1424 1506 ἔγραφεν·
1445 1424 1465 1507 6
1489 1425 1561 1509 ἁγίου

243 1514 403 1609 ’παρθένος
430 1516 535 1620 ἐτέχθη
557 1523 645 1585 καί
630 1547 648 1605 η
665 1521 825 1607 ανακλησις
840 1532 932 1588 πᾶσιν
946 1523 1105 1608 ἐγρόφετοι
1128 1519 1182 1587 εόα
1197 1526 1249 1608 μέν
1266 1530 1464 1610 διδασκομένη
1485 1526 1563 1612 πρός

252 1625 402 1751 ηθοροὶν
388 1626 535 1710 υπηκουσε
546 1651 597 1710 της
619 1634 673 1690 τοῦ
698 1632 810 1710 ἐχθροῦ
835 1627 1073 1714 δολοριωνίας·
1057 1654 1076 1712 η
1101 1629 1170 1712 ἁγία
1191 1631 1345 1711 παρθένος
1365 1632 1489 1715 ἐτέχθη,
1512 1635 1563 1694 καί

250 1726 300 1794 ότε
318 1724 426 1814 ἤκουσε
446 1737 614 1814 τῆςφωνῆς
635 1740 688 1794 τοῦ
711 1731 912 1815 ἀρχαγγέλου,
934 1732 1086 1816 ἐταράχθη
1107 1736 1154 1795 ἐπὶ
1180 1741 1222 1796 τοῦ
1238 1733 1316 1817 λόγω
1334 1733 1428 1799 αι’·τοῦ
1439 1760 1446 1774 ·
1469 1763 1484 1800 ο
1503 1762 1559 1820 γαρ

251 1832 374 1918 γαβριὴλ
391 1833 470 1917 spada
488 1841 523 1917 τῆ
542 1835 805 1917 παρθένωίχαῑρε
830 1838 1059 1918 κεχαριτωμένη,
1082 1836 1098 1899 6
1123 1836 1225 1918 κύριος
1247 1834 1321 1919 μετὰ
1349 1845 1423 1916 σοῦ,
1444 1837 1462 1920 6
1485 1838 1561 1922 μόνη

235 1932 426 2022 ἐόλογημένη
450 1945 479 2002 ἐν
500 1939 646 2021 γυναιξὶν·
667 1953 750 2022 χαῖρε
771 1938 948 2022 ἀπειρόγαμε
971 1938 1060 2023 μήτερ
1080 1947 1134 2004 τοῦ
1163 1949 1256 2004 θεοῦ·
1275 1940 1454 2025 ἀπειρόγαμε
1465 1947 1561 2025 μαρία

249 2042 300 2106 καὶ
319 2044 460 2122 θεοτόκε,
483 2044 609 2126 οόρανου
597 2047 725 2107 καί
690 2069 741 2170 γης
757 2042 917 2127 ἰσόρροπον
934 2042 1056 2127 οἴκημα
1078 2048 1296 2129 χυίροιςμαρία
1308 2046 1450 2123 θεοτόκε,
1472 2040 1546 2110 δι’τ
1528 2072 1561 2130 ης

245 2145 386 2249 ὁλαόςό
399 2144 573 2232 καθήμενος
588 2154 618 2247 ἐν
643 2149 741 2212 σκότει
758 2146 818 2212 εἶδε
835 2156 906 2229 φῶς
928 2151 1018 2233 μέγα·
1040 2154 1154 2233 χαίροις
1176 2153 1284 2234 μαρεία
1309 2149 1389 2238 (sic)
1416 2150 1560 2228 θεοτόκε,

248 2247 321 2315 δι’
303 2278 337 2335 ης
360 2251 479 2335 ἐπαόθη
500 2262 551 2335 τῆς
568 2242 816 2336 εόαςὴκατόρα·
838 2256 952 2336 χαίροις
968 2257 1062 2336 μαρία
1077 2252 1223 2332 θεοτόκε,
1246 2247 1322 2316 δι’
1302 2279 1338 2337 ης
1354 2277 1498 2336 ηνεωκται
1511 2278 1562 2338 της

247 2362 359 2438 τρυφῆς
378 2379 411 2435 το
402 2355 548 2440 χωρίον·
568 2360 682 2441 χαίροις
695 2361 788 2440 μαριά
798 2357 944 2451 θεοτόκε,
966 2352 1041 2420 δι’
1021 2383 1057 2440 ης
1073 2384 1092 2440 η
1082 2357 1204 2441 (πλάνη
1220 2357 1397 2454 κατήργηται
1421 2363 1472 2423 καὶ
1496 2360 1560 2424 θό-

249 2483 336 2532 νατος
352 2464 570 2542 παραλελυται,
593 2461 705 2525 καλόέ
691 2460 795 2545 ἐχδρός
813 2447 997 2549 δεσμεόεται
1019 2467 1133 2545 χαίροις
1150 2467 1244 2547 μαρία
1257 2463 1440 2542 θεοτόκε,
1426 2464 1561 2561 οκόριος

246 2561 335 2646 μετόν
339 2572 414 2629 σοῦ;
437 2564 515 2630 ἀλλὰ
534 2566 647 2662 τούτων
662 2561 756 2640 οὗτως
769 2565 893 2664 ἐχόντων
909 2568 1043 2650 ἐτέχθηι
1027 2582 1094 2651 ημίν
1113 2564 1148 2631 τό
1172 2568 1304 2652 ἀγίασμα
1322 2565 1356 2631 τό
1381 2573 1560 2652 τεθεμελιω-

246 2671 331 2749 μένον
354 2675 398 2742 εἰς
417 2668 455 2733 τό
480 2667 550 2759 ἅγια
576 2678 634 2736 τῶν
656 2672 764 2756 ἁγίων
787 2665 862 2735 δι’
842 2697 878 2756 ης
899 2671 1094 2755 ἀξιωθείημεν
1118 2679 1169 2755 τῆς
1190 2675 1364 2756 ἐπουρανίου
1383 2676 1560 2756 βασιλείας,

245 2769 342 2855 χάριτι
365 2777 415 2836 καὶ
439 2777 665 2861 φιλανθρωπεία
689 2783 743 2840 τοῦ
767 2776 907 2859 κυρίου
889 2784 972 2860 ημῶν
990 2774 1087 2858 Ἰησοῦ
1107 2781 1244 2869 Χριςοῦ,
1266 2775 1335 2858 μεθ’
1360 2771 1397 2840 οὗ
1411 2785 1452 2840 τοῦ
1467 2781 1561 2860 πατρὶ

244 2873 341 2952 δόξα,
363 2876 448 2960 τιμὴ,
469 2881 519 2941 καὶ
536 2879 657 2964 κρότος,
677 2902 731 2942 συν
741 2903 780 2942 τω
769 2882 924 2962 παναγίω
939 2882 989 2941 καὶ
1004 2877 1154 2960 όμοονσίω
1170 2902 1220 2942 και
1211 2876 1373 2974 ζωοποιιῦ
1398 2878 1559 2963 πνεύματι,

74 2996 80 3006 ”
148 3044 151 3055 ,
247 2987 302 3042 νῦν
312 2983 363 3042 καὶ
381 2986 421 3053 εἰς
434 2979 504 3053 τούς
521 2987 631 3056 αιῶνας
647 3005 705 3045 των
719 2981 850 3059 αίοόνων,
872 2981 957 3065 ἀμήν.

311 3084 451 3151 Hoc'
441 3087 541 3173 igitur
571 3109 688 3165 praeco
711 3086 888 3172 archetypo
909 3089 992 3150 duce
1019 3087 1092 3151 sive
1115 3086 1187 3171 ipse
1208 3086 1248 3150 D.
1273 3085 1456 3172 Szafarzyk
1487 3087 1559 3152 sive

248 3189 331 3253 alius
345 3189 557 3277 quiscunque,
567 3203 698 3275 praeter
715 3189 837 3274 primas
849 3200 910 3255 sex
924 3190 1027 3255 lineas
1039 3191 1206 3277 hucusque
1219 3210 1237 3253 a
1253 3190 1348 3254 nobis
1360 3191 1559 3256 extricatus:

248 3291 306 3357 offe
316 3293 362 3380 'fin
378 3299 587 3359 6aanooaoaa.
598 3302 710 3358 Hoana
722 3302 929 3375 Xpncocuona
946 3319 986 3358 na
997 3318 1146 3376 poatncuo
1159 3292 1245 3365 εἴη.
1261 3290 1334 3368 όῖἱω
1348 3309 1421 3373 etc,
1429 3296 1558 3361 facilius

181 3411 201 3447 ὓ
244 3386 366 3485 poterit
384 3413 417 3465 et
429 3413 604 3492 sequentes
626 3399 701 3494 sine
719 3400 863 3465 cheuuiae
886 3400 957 3465 sive
985 3400 1193 3466 divinationis
1218 3394 1473 3464 combinatoriae
1497 3422 1557 3486 ope

247 3506 505 3590 'repraesentare
528 3505 634 3570 Nobis
651 3504 771 3569 sufficit
788 3504 889 3582 scire,
913 3506 1105 3592 quicumque
1123 3508 1251 3570 demum
1267 3505 1346 3569 haec
1360 3504 1433 3567 rudi
1452 3518 1486 3569 et
1508 3526 1556 3569 re·

248 3609 385 3673 cantioni
408 3629 504 3672 manu
522 3609 681 3672 adlevenit
695 3607 919 3672 vetustissimo
931 3607 1159 3695 Raygnadensi
1166 3609 1292 3673 Adonis
1301 3609 1554 3695 Martyrologio,

248 3733 322 3776 cum
336 3712 439 3775 fuisse
458 3733 522 3778 non
540 3712 698 3796 Cyn-illuni
707 3760 717 3794 ,
740 3712 806 3776 imo
825 3731 891 3778 nec·
908 3727 1055 3782 veterem
1080 3713 1357 3779 Cisdanubiauum
1367 3762 1378 3797 ‚
1402 3733 1464 3778 nec
1493 3715 1556 3778 Bo·
1599 3741 1600 3744 ¹

248 3819 397 3891 hemum,
428 3819 487 3880 sed
508 3829 563 3880 aut
588 3817 750 3892 Russutn‚
772 3830 826 3883 aut
848 3816 1061 3882 nudissimum
1079 3818 1225 3902 illyrium
1238 3818 1448 3895 hodiernum,
1472 3831 1556 3883 teste

247 3921 319 4006 ipso
343 3921 435 3985 titulo
457 3919 607 3985 homiliae
639 3944 678 3982 na
704 3944 850 4000 pouscuo
877 3920 968 4007 (sic,
1003 3931 1128 3986 νυιιισε
1157 3924 1262 4006 quoad
1292 3944 1320 3983 a<
1348 3942 1407 4006 pro
1428 3943 1495 3997 atq,
1513 3933 1557 3985 ‚ct

249 4034 517 4115 ωυιυίοαοονῦυίσε
540 4025 645 4114 quoad
668 4047 726 4086 cco
747 4046 808 4108 pro
825 4026 930 4110 cuno)
952 4026 1038 4089 Nam
1054 4025 1126 4110 quis
1140 4026 1193 4088 vel
1219 4027 1251 4088 S.
1272 4024 1435 4110 Procopio
1450 4025 1556 4090 etutdi-

248 4129 378 4192 tissimo
404 4150 470 4193 sec.
494 4130 553 4193 Xl.
587 4128 694 4193 abbati
718 4134 873 4206 Boltemo,
910 4129 976 4192 imo
1011 4129 1115 4218 „vei
1109 4137 1245 4192 honesto
1281 4140 1313 4193 et
1339 4134 1404 4206 fide
1440 4128 1555 4205 usqua?

248 4241 343 4296 Petro
366 4211 612 4318 archiepiscopo
630 4229 791 4308 Russiae‚
820 4232 874 4319 qui
900 4234 995 4297 Anno
1027 4237 1124 4308 1266,
1154 4246 1237 4298 teste
1268 4234 1436 4298 Matthaeo
1466 4231 1556 4297 Pani·

247 4338 350 4403 siensi
341 4338 425 4400 e'i
425 4349 609 4405 asianorum
621 4335 726 4403 ruinis
742 4349 928 4421 penetrarat
941 4339 982 4402 ad
994 4336 1228 4423 cisalpinas
1250 4352 1373 4424 partes,
1396 4337 1556 4403 auxilium

248 4463 409 4527 quaerens
422 4441 586 4511 Romanae
600 4441 782 4516 Ecclesiae,
796 4441 883 4507 ausit
898 4442 979 4507 haec
996 4442 1177 4509 diaconalia
1195 4463 1319 4528 pennae
1335 4440 1482 4527 pericula
1502 4443 1556 4507 ad·

249 4546 421 4613 scribere?
434 4549 504 4612 ltno
519 4548 559 4612 ad
566 4546 752 4611 Kanennzini
765 4547 949 4631 exemplum
958 4545 1088 4632 (quippe
1098 4547 1152 4634 qui
1165 4547 1312 4612 Tabulas
1322 4545 1557 4630 Gapponienas

206 4729 209 4733 '
252 4730 552 4746 m

283 4820 311 4890 *)
329 4826 417 4878 Recte
443 4829 578 4879 monath.
595 4828 613 4878 l.
630 4826 810 4879 doctissimus
824 4841 919 4880 comes
932 4828 962 4880 c.
979 4829 1011 4881 0.
1026 4816 1261 4887 Caistillionaens,
1279 4825 1367 4876 vidoni
1383 4826 1487 4876 deesse
1504 4825 1557 4877 ali·

255 4907 260 4914 '
336 4913 418 4980 quid,
437 4929 499 4966 cuin
515 4931 565 4968 nec
579 4917 728 4969 antithesis
743 4924 895 4983 congruat,
913 4919 963 4972 sed
976 4919 1018 4971 sic
1029 4932 1093 4970 esse
1108 4931 1207 4970 revera
1223 4916 1250 4967 in
1269 4916 1375 4967 codice.
