3646 5978
804 411 809 417 ’
884 416 928 481 le

264 608 280 616 ··
352 589 435 665 Post
458 583 696 681 Ahesddarium
722 582 869 670 sequitur
894 581 1139 651 Cetechismus:
1170 581 1334 650 Sechdlak
1350 582 1570 649 Katechisma

250 692 470 780 Kranlkiga.·
552 736 555 743 .
594 782 597 787 Δ

353 796 479 865 ΟΖΗΑ
499 794 718 873 VPRASHA.
739 792 778 872 (i.
800 815 828 859 e.
849 803 943 878 pater
961 793 1173 880 interrogat).
1250 854 1252 859 .

350 901 481 979 ΒΕΤΕ,
497 897 772 981 oooovnttm.
794 897 927 1065 (lnfanp¹
943 900 1150 984 respondet).

251 1100 323 1197 Bai
341 1096 374 1195 S
392 1099 424 1186 tt
445 1099 535 1185 moia
557 1109 656 1185 petetl
678 1105 829 1187 (Quides
844 1001 1072 1189 eginhartus)

285 1260 287 1265 ,
853 1212 956 1280 De'te:
1471 1273 1473 1276 ,
1569 1266 1574 1276 .

249 1318 319 1386 Jelt
332 1315 397 1395 lam
412 1339 453 1385 en
469 1317 645 1396 christian.
659 1328 721 1382 etc.
738 1314 856 1400 partim
868 1314 990 1399 latinis,
1012 1314 1129 1401 partim
1143 1315 1341 1405 germanicis
1354 1308 1561 1381 litteris'ecn·

250 1408 394 1490 tinuatur
407 1420 634 1500 Cateehismus
650 1421 747 1489 Corn.
768 1441 828 1513 per
842 1426 864 1489 8
880 1420 975 1499 solia,
1005 1419 1271 1505 concluditurque
1296 1418 1477 1498 cantilena,
1505 1429 1561 1495 (aa

250 1540 285 1595 to
300 1527 347 1592 vll
362 1530 492 1593 sercom
505 1523 647 1611 poimol:

251 1635 304 1705 Ne
325 1631 379 1697 dai
400 1632 492 1716 Oche
512 1629 595 1697 nallr
615 1627 682 1693 lubi
703 1628 779 1716 Bog
894 1706 896 1711 Ι

250 1738 303 1802 Da
322 1735 356 1801 bi
376 1737 418 1799 od
439 1735 498 1799 hal
515 1734 546 1799 le
567 1733 639 1798 vsel
661 1744 739 1818 tvoy
761 1731 825 1808 uk,

250 1839 374 1907 Seterri
400 1839 535 1916 Tui-ka,
557 1837 723 1923 Pepeshe,

249 1945 320 2031 Kyr
341 1945 527 2029 seshpotuic
550 1942 659 2008 lesula
680 1954 739 2007 etc.
760 1961 820 2027 per
839 1955 979 2028 quatuor
1000 1941 1164 2025 strophas.
1185 1979 1226 1990 -

249 2050 482 2116 Cerniolanum
501 2046 624 2132 exeipit
642 2045 869 2115 catechismus
889 2053 1053 2114 Orcaticus
1075 2044 1275 2130 (illyricum
1407 2116 1409 2121 ,

348 2153 471 2219 OTAC
492 2152 688 2228 termula,
1081 2222 1085 2229 ¹
1168 2208 1171 2212 .
1428 2230 1431 2239 ι
1560 2230 1562 2235 Ι

349 2257 477 2323 ΒΙΙΤΕ
500 2255 748 2321 ODGOVARA
769 2268 830 2321 ete.
852 2253 925 2320 sine
950 2253 1120 2333 cantilena
1131 2255 1229 2320 Hunc
1243 2252 1360 2341 reliqui
1375 2268 1446 2325 tres
1461 2274 1561 2342 supra

246 2363 359 2428 notati.

349 2465 441 2550 Opus
461 2463 709 2551 quinquelingue
728 2461 946 2530 Corniclanos
961 2461 1137 2547 praecipue
1157 2461 1247 2533 fovet
1254 2486 1264 2538 3
1284 2484 1360 2529 nam
1383 2476 1417 2528 et
1438 2463 1473 2529 in
1494 2461 1565 2543 line⁴

248 2591 309 2655 per
322 2575 364 2636 ⁶7
378 2567 515 2655 paginas
529 2567 660 2632 illorum
679 2578 802 2630 tantum
821 2567 960 2648 dialecto
972 2566 1115 2631 additur:
1136 2566 1262 2632 Boshie
1283 2567 1415 2651 poltave
1434 2566 1492 2633 inu
1505 2589 1558 2653 po

245 2673 420 2750 rochenie,
443 2672 539 2737 Keko
552 2671 618 2736 ima
636 2669 800 2747 vlakateri
815 2670 958 2751 vaoiem
983 2671 1073 2734 llenu
1099 2671 1155 2741 inu
1177 2669 1365 2755 pcklicaniu
1386 2671 1558 2760 Karlhanl-

245 2780 292 2844 ku
308 2782 361 2844 ter
383 2777 540 2862 pol'htenu
561 2776 681 2842 shiveti
704 2775 741 2860 [i.
765 2796 793 2840 e.
814 2774 937 2840 Divina
952 2787 1127 2860 praecepta
1150 2787 1182 2839 et
1205 2776 1375 2851 mandata,
1399 2779 1558 2861 quomodo

247 2882 469 2948 omnishomo
491 2880 607 2957 debeat
624 2879 657 2944 in
674 2900 734 2944 suo
751 2891 888 2944 statuet
907 2880 1083 2945 vocatione
1100 2878 1277 2945 christiane
1300 2892 1333 2945 et
1353 2879 1492 2946 honeste
1510 2866 1557 2945 ui·

246 2986 362 3073 uere),
385 2984 608 3069 clauditurque
623 2983 740 3048 iterum
754 2982 915 3051 cantilena
930 2983 1192 3068 metrophanem
1213 3003 1368 3073 senorum
1393 3005 1558 3051 versuum.

247 3089 411 3174 Inscripto
427 3088 558 3153 nomine
571 3095 712 3152 Mathloe
733 3094 851 3151 illocali
865 3094 1007 3168 Illyrici,
1029 3087 1082 3173 qui
1099 3087 1162 3152 hoc
1180 3086 1354 3165 volumen,
1377 3089 1431 3157 cui
1447 3102 1481 3155 et
1501 3091 1557 3157 Ca·

246 3194 427 3265 techismus
449 3191 659 3280 glagoliticus
681 3197 762 3262 1561
788 3191 960 3269 adhaeret,
990 3189 1123 3259 donavit
1134 3189 1254 3257 Achilli
1275 3192 1386 3277 Pprm.
1410 3193 1556 3261 Gessero

234 3299 387 3379 ‚hindam
410 3303 503 3370 1566.
554 3339 558 3345 ’

880 3579 932 3645 aa

304 3682 377 3809 De
398 3718 578 3839 linguae
600 3716 651 3839 S
677 3717 891 3808 Methodii
909 3717 1143 3839 liturgicae
1164 3717 1491 3838 pannonietete.

349 3919 569 4006 Triumphent
585 3921 767 3993 adversarii
784 3921 907 3999 nostri,
931 3924 1015 4008 quod
1030 3944 1092 3988 nos
1114 3931 1280 3999 antistare
1303 3920 1476 3988 videamur
1497 3942 1555 4008 pro

250 4024 425 4091 Slavorum
444 4023 576 4112 linguae
591 4044 706 4090 sacrae
725 4025 972 4108 pannonietate,
996 4028 1237 4111 obtenduntque
1251 4026 1347 4091 nohis
1359 4026 1558 4093 contrariam

251 4150 453 4195 summorum
473 4128 506 4192 in
526 4130 588 4194 hac
601 4148 639 4200 re
652 4128 799 4195 virorum
816 4130 1063 4208 auctoritatem,
1085 4130 1163 4196 olim
1185 4139 1351 4205 Dobrovtt,
1376 4150 1465 4197 nunc
1493 4139 1558 4196 Vo-

249 4241 382 4300 stohovtt
398 4232 487 4319 (vide
497 4231 679 4301 Scheffarik
688 4233 1009 4318 Antiq.slaviearum
1028 4234 1198 4302 bohemico
1215 4233 1412 4321 scriptarum
1428 4235 1559 4321 pem).

249 4338 467 4423 Quamquam,
480 4335 545 4421 ,ubi
566 4345 742 4402 rationibus
758 4349 792 4402 et
816 4348 1013 4417 arpumerttt's
1039 4359 1100 4403 res
1116 4337 1240 4424 agitur,
1268 4338 1322 4402 vel
1344 4338 1561 4405 maximarum

249 4441 479 4508 auctoritatum
497 4463 562 4507 non
580 4440 722 4507 sufficiat
737 4442 926 4520 eructoritas,
942 4441 1101 4528 liceatque
1116 4441 1211 4508 aliter
1223 4464 1266 4509 ex
1281 4443 1390 4508 animo
1405 4443 1563 4508 sentienti

250 4547 342 4634 sequi
354 4545 493 4612 celebris
506 4547 568 4611 hec
582 4545 655 4632 ipsa
672 4547 856 4612 constantie
869 4547 902 4610 in
917 4547 1025 4613 Gallis
1034 4546 1097 4611 viri
1109 4547 1295 4632 exemplum
1309 4546 1467 4612 dicentis:
1485 4547 1564 4615 Etsi

249 4673 382 4735 omnes,
405 4672 466 4738 ego
480 4673 565 4716 non:
588 4652 747 4717 malumus
769 4665 877 4717 tamen
900 4651 1094 4738 praeprimis
1117 4653 1203 4718 hunc
1222 4653 1332 4739 ipsum
1354 4653 1563 4718 edversario·

249 4779 321 4823 rum
340 4755 534 4840 triumphurn
563 4756 711 4822 cominus
736 4754 942 4837 exeminare,
967 4758 1122 4841 justusne
1154 4755 1215 4833 sit,
1245 4778 1285 4823 an
1309 4755 1419 4842 potius
1439 4770 1476 4823 ut
1499 4758 1564 4824 alia

249 4864 401 4947 pleraque
416 4859 522 4932 abhis
537 4858 887 4948 oioddmrrarrogatus
905 4871 938 4926 et
956 4860 1140 4930 ementitus.
