3646 5978
908 433 951 502 39

836 510 1009 541 ἢ

936 546 942 572 Ι

267 605 461 671 varrone:
476 606 535 670 ser
548 603 680 713 ierurgia
697 598 897 674 ainornm
912 605 1087 695 tuamne.
1101 606 1221 671 Nonne
1240 605 1314 692 ipsa
1338 614 1456 674 mana
1476 589 1581 674 aerd-

269 709 319 775 sia
341 723 432 776 certo
450 721 602 794 ternpore
623 708 777 793 rowdytor
796 723 1059 794 qraerccantan
1087 710 1229 796 itemque
1244 710 1375 776 Slavica
1388 713 1582 797 χερουβικόνῖ

267 814 337 879 lmo
356 835 467 879 nonno
483 814 671 893 Alexander
690 814 714 879 l.
733 816 914 901 lmperator
928 836 1002 880 curn
1017 816 1154 899 Synodo
1169 820 1251 884 1816
1266 827 1384 900 sponte
1404 819 1577 883 consessus

267 932 320 984 est
336 917 677 1002 SocietatiBiblicae,
700 919 844 1005 linguam
861 909 1018 986 slavicam
1033 917 1156 984 Russis
1168 938 1231 982 non
1248 917 1405 1008 intelligi,
1426 921 1491 985 nisi
1501 924 1580 987 doc·

253 1023 335 1086 tis?
356 1024 474 1088 Nonne
488 1023 576 1088 idem
591 1018 792 1108 ipsissimum
807 1035 949 1088 constat·
960 1025 1000 1088 de
1018 1022 1131 1110 lingua
1146 1021 1298 1110 liturgica
1317 1045 1458 1111 graeca,
1481 1047 1579 1111 syra,

263 1147 397 1192 armena
412 1141 446 1192 et
463 1127 600 1212 comica.
623 1127 744 1192 Nonne
759 1149 840 1215 ergo
847 1147 1043 1204 vosomncs‚
1058 1126 1112 1213 qui
1127 1126 1318 1192 Latinorum
1333 1128 1440 1194 vicem
1450 1129 1580 1207 doletis,

253 1231 298 1295 'in
308 1232 523 1317 cadempleno
532 1230 714 1296 consistitis
723 1230 806 1316 ipsit
823 1232 937 1306 -Aut
954 1228 1055 1318 igitur
1070 1241 1205 1294 cessent
1220 1231 1343 1308 dolere,
1361 1233 1580 1319 quodipsipa·

261 1336 462 1414 tiuntur,aut
470 1358 543 1401 cum
550 1336 814 1408 Protestantibus
822 1337 1081 1418 lsrsoooyslrooar
1088 1354 1149 1398 suo
1158 1335 1304 1419 periculo
1311 1340 1579 1422 oarevernacule.

289 1455 303 1477 ³
354 1441 509 1506 Ceterum
521 1453 633 1506 textus
643 1439 789 1526 psalterii
797 1438 986 1504 necessario
995 1436 1130 1522 propius
1139 1438 1437 1504 abestacodicibns
1445 1443 1579 1529 glagoli·

254 1532 356 1624 ticio,
371 1566 466 1631 quam
476 1546 788 1612 recenslluss'orum
802 1544 948 1634 vulgata,
964 1543 1179 1631 inveniesque
1191 1544 1224 1608 in
1236 1566 1274 1608 eo
1284 1545 1444 1610 vocabula
1461 1568 1579 1608 enarra

248 1639 325 1733 ‘pro'
343 1673 445 1730 royac
467 1662 523 1716 aut
536 1669 647 1733 ncoye,
663 1651 804 1727 codora,
821 1673 927 1731 crepa
948 1670 1009 1735 pro
1031 1655 1146 1719 nerim
1165 1663 1197 1714 at
1214 1669 1296 1714 vero
1307 1662 1340 1714 ct
1352 1651 1578 1737 puros-bulga-

236 1790 237 1799 κ
259 1751 383 1817 rismos
407 1767 444 1818 ut
464 1771 617 1837 oaanocr,
633 1775 693 1839 pro
714 1753 934 1840 psalmatus,
952 1776 1032 1816 eone
1047 1775 1180 1838 aumas,
1203 1754 1269 1818 imo
1284 1756 1439 1840 etquoad
1457 1755 1577 1820 littera·

259 1880 333 1923 rum
357 1859 480 1950 lor-mag
495 1858 641 1924 occurrit
664 1882 694 1922 or
714 1880 774 1944 pro
796 1877 841 1921 ro:
862 1880 920 1935 aaa
936 1874 1013 1920 rana
1027 1879 1117 1938 uraca
1137 1881 1227 1931 orara
1242 1883 1283 1920 =
1300 1879 1399 1923 ronna.
1428 1859 1578 1945 Denique
1682 1865 1690 1870 ’
1720 1838 1729 1859 ’

260 1975 326 2028 tam
342 1964 455 2049 hujus,
476 1983 571 2048 quam
586 1963 817 2028 Assemaniani
831 1962 971 2040 codicis,
995 1964 1035 2028 de
1051 1981 1115 2048 quo
1130 1982 1209 2027 mox
1230 1963 1398 2045 dicemus,
1422 1975 1455 2027 et
1478 1963 1576 2048 pluri-

258 2087 386 2131 morum
403 2069 495 2133 codd.
511 2068 597 2132 Slav.
617 2069 839 2153 pulcherrima
856 2067 1016 2152 ’ὄιάγραφα
1036 2067 1138 2133 habes
1163 2067 1197 2132 in
1222 2066 1397 2133 clarissimi
1424 2064 1581 2134 silvestri

258 2169 514 2268 „Paleograpbie
528 2173 745 2246 universelle”
762 2177 893 2255 recens}
897 2172 1064 2258 publicata
1078 2171 1226 2237 Parisiis.

903 2417 933 2478 8.

255 2550 328 2639 De
376 2551 739 2676 Evangelistario
779 2555 998 2646 Vaticano
1039 2553 1294 2676 glagolitico
1332 2557 1441 2667 (sec.
1467 2502 1577 2668 ΧΙ),χ

253 2713 258 2813 j
362 2684 435 2773 ‘ab
454 2689 705 2835 Assemano
727 2692 838 2777 1736
859 2699 1087 2835 reportato
1105 2685 1446 2833 Hierosolymis.
1472 2740 1474 2745 -

356 2908 431 2971 dam
447 2908 584 2993 primum
603 2909 752 2974 omnium'
769 2909 942 2976 dicendum
968 2924 1135 2998 putamus,
1159 2931 1235 2976 esse
1256 2909 1448 2997 glagolitam
1462 2912 1564 2975 Asse·
1601 2944 1605 2950 ·

252 3011 439 3076 martianum
454 3013 593 3104 familiae
604 3022 809 3092 Balearicae,
826 3037 923 3102 quum
934 3028 1049 3081 contra
1065 3015 1242 3083 Glorianus
1257 3024 1407 3080 Serdtme
1420 3015 1473 3093 sit,
1488 3015 1571 3091 sive,

256 3117 342 3200 quod
358 3115 443 3182 idem
460 3130 527 3195 est,
554 3125 727 3208 crocitare.
744 3119 931 3185 Discrimen
950 3120 1073 3185 'harum
1091 3120 1286 3185 familiarum
1307 3121 1340 3184 in
1367 3142 1407 3186 eo
1426 3119 1570 3190 maxime

253 3221 355 3284 situm
369 3214 438 3298 est,
462 3224 545 3306 quod
561 3222 684 3286 familia
706 3198 851 3286 croaiica
875 3246 912 3285 cr
935 3230 1048 3287 antcb
1070 3236 1173 3289 mutat
1196 3223 1229 3286 in
1252 3247 1310 3298 cn:
1333 3247 1373 3288 na
1398 3229 1570 3304 npeororn
1604 3278 1614 3293 „

251 3331 551 3404 repoynnuncnbnn
573 3325 808 3390 anominativo
833 3334 1137 3406 xepoynnnncnmd‚
1159 3327 1256 3411 plene
1270 3326 1357 3391 sicut
1372 3351 1391 3390 n
1413 3328 1518 3392 solum
1534 3325 1568 3390 in
1661 3405 1663 3410 Ι
1766 3360 1768 3364 ·

252 3451 291 3503 n:
307 3421 325 3491 a
343 3436 448 3509 plana,
463 3453 505 3492 sn
521 3435 612 3510 pbu'r
622 3454 631 3502 ;
654 3428 821 3518 bulgarica
837 3443 984 3496 contran
1002 3430 1130 3516 quidem
1155 3430 1261 3494 solum
1285 3424 1397 3496 itide‘rn
1418 3431 1452 3495 in
1473 3455 1512 3507 u,
1534 3442 1569 3494 at

254 3528 293 3596 cn
309 3535 419 3599 nonin
436 3558 492 3610 cn,
515 3533 620 3599 sedin
638 3557 693 3597 cr:
708 3558 748 3597 na
765 3541 939 3614 npbcroab
957 3542 1249 3616 xepoynmrcrbnn,
1279 3537 1362 3620 apud
1378 3535 1566 3603 »Carniolos

252 3637 385 3725 quidem
398 3637 548 3729 familiari
561 3629 729 3721 mouendi,
752 3639 810 3702 sed
836 3638 967 3702 nonnisi
992 3640 1076 3724 apud
1101 3639 1268 3703 Bobemos
1287 3639 1384 3703 etiam
1405 3647 1567 3704 tendenda·

249 3763 353 3809 more
375 3743 464 3807 Male
480 3763 541 3806 nos
563 3728 751 3829 Glagolitae
767 3743 915 3809 Gloriari
930 3762 1004 3832 pag.
1018 3729 1257 3829 &antequam
1273 3743 1359 3808 bunc
1377 3744 1523 3809 codicem
1534 3757 1567 3810 et

249 3847 498 3914 Bononiensem
513 3845 732 3930 vidissemus,
755 3860 965 3932 putaremus,
988 3848 1171 3914 litterarum
1190 3872 1227 3910 ca
1242 3848 1276 3912 in
1291 3872 1332 3922 cu
1355 3848 1565 3914 mutationem
1671 3917 1679 3928 Ι

249 3973 327 4017 esse
343 3950 643 4018 characteristicam
658 3950 806 4016 codicum
821 3961 1124 4018 risdanuttanoram
1138 3953 1320 4039 ingenere,
1343 3972 1416 4015 cum
1434 3953 1566 4017 nonnisi

248 4055 283 4121 in
300 4066 403 4137 specie
411 4057 453 4120 sit
462 4055 727 4125 characteristica
738 4056 878 4122 familiae
886 4057 1043 4124 Serbicae
1052 4079 1111 4123 scu
1119 4057 1302 4132 Oroaticaa
1316 4068 1349 4122 at
1358 4069 1472 4121 contra
1483 4081 1519 4120 cn
1530 4056 1564 4122 in

246 4185 290 4249 ‚cr
304 4161 512 4229 commutatio
529 4159 668 4224 familiae
691 4161 880 4248 bulgaricae
907 4148 986 4226 cnm
1002 4162 1131 4228 russica
1153 4161 1334 4226 communia
1359 4175 1419 4227 ast.
1443 4162 1564 4228 Caran-

237 4242 400 4331 ‘tanorum
415 4267 576 4351 antiquam
591 4265 782 4352 ignoramus
797 4266 1106 4351 pronuntiationem,
1117 4265 1149 4330 at
1168 4266 1327 4354 hodierna
1344 4265 1512 4332 familiaris
1529 4278 1563 4330 ct

249 4369 1562 4458 domesticaconcordatcumbulgaricaflabemusitaqneinGlagolitisGloriano

247 4487 283 4540 et
299 4475 537 4540 Assemaniano
560 4473 700 4539 familiae
723 4486 790 4539 tarn
812 4474 960 4540 serbicae
981 4497 1075 4561 quarn
1100 4475 1288 4562 bulgaricae
1311 4474 1442 4540 codices
1463 4474 1562 4561 longe

246 4580 494 4666 antiquissimos
518 4587 742 4665 supparesque
758 4580 921 4646 Russicae
941 4581 1082 4644 familiae
1106 4580 1212 4647 codici
1234 4577 1476 4645 Ostromiriano
1500 4578 1561 4642 cis·

247 4685 467 4760 danubianos‚
488 4693 665 4762 ,rtayotttroo
672 4685 866 4749 charactere
881 4697 1034 4750 exaratos
1049 4705 1109 4769 pro
1122 4693 1231 4762 qraerr'
1241 4683 1324 4747 ritus
1337 4682 1458 4746 Slavis.
1470 4683 1560 4747 Non·

246 4808 289 4853 ne
305 4808 386 4875 ergo
401 4800 452 4853 sat
468 4787 645 4872 probabilis
659 4787 866 4873 hinesponte
882 4811 919 4852 se
935 4788 1026 4874 quasi
1046 4790 1097 4852 vel
1110 4789 1213 4852 invito
1238 4787 1295 4852 tibi
1318 4785 1460 4852 obtrudit
1484 4807 1559 4851 con·

242 4894 393 4978 jactura,
415 4894 535 4958 Slavos
553 4893 803 4994 cisdanubianos
819 4907 895 4960 ante
909 4896 944 4959 S.
967 4893 1125 4980 cyrillum
1148 4901 1300 4960 haduloae
1320 4904 1354 4958 ot
1378 4893 1418 4957 ed
1438 4899 1560 4956 dottam
